2119 3488
1022 185 1303 234 ..46-

336 312 377 349 et
395 308 677 362 interpolatos)
705 319 834 351 nonne
863 314 1025 352 secutus
1055 320 1155 364 sum,
1183 309 1433 352 Ursinianum
1454 307 1517 364 lv,
1538 308 1635 365 2⁹5,
1655 309 1989 354 zuliobemiauum

336 378 381 433 11,
411 379 504 421 739.
537 378 580 431 V,
612 380 665 419 77
696 382 735 419 et
769 377 962 420 similibus
1001 383 1210 433 utrumque
1249 378 1343 420 alibi
1382 379 1420 420 in
1460 377 1783 422 discriminibus?
1835 379 1990 435 Fateor,

337 451 377 487 et
397 447 524 498 ipsum
545 444 647 487 adeo
668 446 973 488 Mazarinianum
997 446 1041 500 11,
1062 447 1147 489 229
1178 458 1228 489 ac
1246 447 1371 489 semel
1392 446 1505 488 bisve
1525 453 1746 500 praeterea.
1794 448 1843 489 Et
1862 448 1991 491 fateor

336 514 452 555 nimis
482 513 665 555 fortassis
701 514 947 567 suspiciosus
986 514 1040 556 tui
1079 515 1120 556 in
1161 514 1374 557 eorundem
1404 515 1626 568 scripturis.
1667 540 1715 548 —
1749 514 1920 570 Scilicet,
1947 521 1990 557 ut

335 593 457 636 supra
488 582 580 636 dixi,
608 582 716 624 nulia
746 589 808 625 est
835 582 1043 638 dubitatio,
1075 585 1171 638 quin
1200 583 1434 627 Ursinianus
1463 586 1516 626 sit
1544 589 1799 638 pervetustus
1829 588 1870 625 et
1898 584 1989 636 quin

335 661 473 691 omnes
503 661 554 691 ex
582 652 746 704 egregia
775 653 928 704 origine
949 653 1028 693 sint
1048 652 1254 706 repetendi
1276 650 1366 707 (1).“
1401 675 1453 683 —
1488 652 1617 708 „Nihil
1638 658 1711 707 est,
1733 653 1837 707 quin,
1858 661 1989 705 quau-

334 723 415 760 tum
446 718 652 772 potuerim,
682 718 733 760 ad
762 719 941 761 codicum
983 720 1217 763 idoneorum
1249 726 1289 762 et
1317 725 1502 762 accurate
1531 731 1788 763 excussorum
1817 730 1989 762 revoca-

334 788 471 828 verim.
531 787 580 829 Hi
609 787 736 830 sicubi
767 799 830 830 me
861 788 1141 844 destituebant,
1171 790 1279 832 nolui
1309 801 1443 832 eorum
1474 791 1566 832 vitia
1597 789 1778 844 reddere,
1817 790 1988 832 circum-

335 857 450 908 spexi
479 861 548 898 aut
576 856 737 898 minoris
767 858 824 898 rei
855 856 977 899 libros
1008 863 1076 900 aut
1105 859 1233 901 minus
1262 856 1531 912 perspectos.“

467 923 526 965 Ex
565 923 628 964 his
666 924 786 977 igitur
819 925 943 978 ipsius
973 925 1139 967 editoris
1171 925 1303 968 verbis
1333 925 1468 981 liquet,
1507 927 1560 968 Μ.
1599 937 1743 980 reapse
1781 936 1860 968 nou
1897 937 1990 968 esse

335 991 643 1043 recognitionem
674 991 726 1033 ad
756 993 932 1034 codicem
964 993 1220 1036 petavianum
1248 995 1290 1048 1.,
1321 994 1427 1048 quod
1458 996 1568 1037 iuxta
1596 994 1676 1048 illa,
1707 1005 1810 1048 quae
1840 993 1892 1035 de
1920 993 1989 1035 ilio

334 1057 435 1100 libro
465 1065 555 1101 ante
585 1060 774 1113 scriptum
804 1059 982 1115 vidimus,
1022 1067 1287 1117 exspectetur,
1326 1062 1400 1104 sed
1430 1073 1453 1104 e
1481 1063 1606 1104 variis
1636 1073 1722 1104 eam
1753 1060 1989 1104 lectionibus

335 1125 691 1170 diversissimorum
731 1134 770 1170 et
809 1130 962 1183 origine
992 1133 1032 1172 et
1059 1135 1191 1172 aetate
1221 1136 1262 1173 et
1291 1132 1528 1174 auctoritate
1557 1131 1736 1174 codicum
1766 1141 1859 1173 esse
1887 1140 1988 1173 con-

334 1195 481 1237 flatam.

468 1452 708 1495 Devenimus
737 1454 789 1495 ad
819 1453 994 1496 codicem
1025 1455 1303 1497 Monacensem
1334 1454 1383 1495 11.
1413 1455 1485 1496 Est
1512 1455 1578 1496 hic
1606 1452 1871 1496 bibliothecae
1896 1452 1988 1494 Mo-

335 1521 531 1569 nacensis,
564 1532 588 1561 a
619 1521 812 1563 Merkelio
843 1521 1058 1563 Bavaricus
1088 1521 1133 1562 11.
1170 1521 1407 1575 appellatus,
1447 1532 1524 1563 non
1564 1519 1861 1563 confundendus
1900 1530 1987 1562 cum

335 1586 531 1630 Bavarico
560 1589 646 1630 sive
675 1589 905 1631 Monacensi
935 1589 972 1644 1.,
1011 1589 1060 1631 de
1091 1600 1169 1643 quo
1200 1589 1263 1631 hic
1293 1600 1371 1630 non
1401 1590 1542 1643 agitur.
1600 1588 1675 1631 Hic
1714 1587 1842 1630 codex
1879 1587 1988 1630 indi-

335 1662 449 1699 catus
479 1663 562 1699 est:
595 1657 731 1699 Codex
762 1657 1017 1700 bibliothecae
1046 1658 1139 1698 olim
1170 1657 1392 1699 electoralis
1421 1656 1680 1698 Monacensis
1698 1667 1738 1697 n.
1763 1654 1851 1697 594
1867 1654 1989 1708 solio-

334 1734 426 1764 rum
454 1726 675 1777 nonayinla
703 1736 782 1766 sex
810 1726 853 1766 in
881 1727 955 1765 oct.
986 1735 1094 1766 saec.
1127 1723 1221 1765 XII.
1271 1723 1458 1765 Wertero
1487 1722 1636 1765 saeculi
1668 1721 1891 1765 duodecimi
1921 1729 1989 1766 aut

335 1790 453 1832 etiam
485 1791 679 1834 undecimi
709 1791 927 1834 videbatur.
958 1794 1043 1845 ipse
1073 1803 1150 1833 non
1180 1791 1272 1833 vidi.
1335 1792 1567 1844 Descriptus
1607 1791 1674 1832 ille
1704 1797 1776 1844 est,
1811 1797 1854 1832 ut
1882 1792 1988 1833 clare

334 1861 454 1912 patet,
476 1869 499 1900 e
515 1859 762 1901 Treverensi.
805 1859 887 1902 Sed
909 1865 971 1901 est
987 1859 1049 1901 hic
1066 1859 1347 1913 spurcissimus
1363 1857 1463 1900 iiber
1480 1858 1725 1912 documento,
1746 1870 1863 1912 quam
1878 1859 1988 1902 brevi

336 1931 515 1978 tempore
556 1933 596 1967 et
635 1926 833 1980 quomodo
868 1938 938 1980 per
966 1937 1083 1968 unum
1115 1926 1293 1967 codicem
1323 1926 1518 1978 scriptura
1549 1936 1713 1979 prorsus
1743 1925 1986 1980 degenerare

334 1994 577 2048 originisque
605 2006 704 2037 suae
733 1995 1025 2037 similitudinem
1055 2005 1128 2048 per
1157 2005 1275 2036 unum
1312 1994 1586 2046 apographum
1617 2005 1760 2047 magna
1794 2005 1844 2035 ex
1874 1999 1986 2046 parte

333 2063 514 2103 amittere
545 2064 684 2116 possit.
715 2062 783 2104 vix
813 2064 914 2104 enim
945 2062 1025 2104 ulla
1052 2067 1114 2104 est
1135 2062 1335 2115 corruptio
1357 2067 1425 2104 aut
1445 2061 1753 2116 orthographiae
1773 2066 1842 2103 aut
1861 2062 1987 2116 ipsius

334 2131 576 2184 scripturae,
624 2130 833 2172 verborum
878 2132 1150 2183 traiectiones,
1197 2131 1555 2183 transmutationes,
1600 2130 1822 2184 scripturae
1864 2131 1989 2182 omnis

334 2199 492 2251 generis
525 2198 830 2239 deformationes
862 2209 964 2250 quae
992 2198 1030 2238 in
1060 2197 1137 2238 hoc
1167 2196 1307 2237 codice
1337 2207 1414 2237 non
1445 2196 1706 2238 inveniantur.
1736 2208 1865 2251 neque
1894 2209 1990 2239 suas

335 2270 483 2306 tantum
506 2264 812 2318 depravationes
842 2271 881 2305 et
912 2266 1068 2306 inventa
1099 2269 1298 2305 veterator
1327 2264 1393 2305 ille
1428 2289 1477 2294 —
1510 2265 1595 2305 sive
1624 2269 1872 2307 veteratores
1901 2270 1992 2308 sunt

336 2357 380 2363 —
420 2343 492 2386 pro
524 2333 673 2387 optima
713 2333 915 2387 permultis
956 2334 992 2374 in
1032 2333 1132 2375 locis
1173 2336 1212 2373 et
1240 2333 1393 2386 integra
1422 2333 1618 2386 scriptura
1646 2337 1796 2374 temere
1825 2332 1991 2389 induxit,

333 2413 469 2444 verum
501 2404 619 2443 etiam
659 2407 820 2455 praeter
849 2401 1093 2443 Treverense
1124 2400 1290 2442 alterum
1321 2400 1534 2454 exemplar,
1574 2400 1691 2442 vaide
1732 2400 1990 2455 depravatum

334 2469 567 2512 adhibuisse
605 2469 775 2523 videtur,
814 2471 925 2511 cuius
965 2468 1200 2511 lectionibus
1241 2474 1280 2509 et
1317 2468 1472 2510 mendis
1508 2480 1608 2522 opus
1638 2479 1752 2511 suum
1782 2475 1992 2512 exornaret

334 2544 453 2592 atque
494 2539 769 2592 distingueret.
833 2538 975 2578 Varias
1014 2538 1119 2580 illius
1158 2537 1375 2590 scripturas
1414 2538 1527 2578 trium
1568 2537 1740 2589 priorum
1783 2536 1832 2578 de
1862 2536 1990 2580 Fastis

334 2605 521 2649 librorum
553 2605 607 2648 et'
623 2605 847 2648 exadverso
877 2605 1023 2660 ubique
1053 2606 1309 2648 Treverensis
1336 2607 1429 2647 item
1459 2616 1737 2659 proponamus.

456 2747 631 2798 Godeoe
670 2747 1011 2796 Treverensis.
1275 2747 1449 2796 Codex
1481 2748 1808 2795 Monacensis
1842 2747 1917 2795 ΙΙ.

336 2830 371 2884 1,
396 2830 414 2871 1
447 2830 597 2871 lacium
1198 2830 1347 2870 lacium
1772 2810 1777 2814 ’

391 2896 420 2936 3
448 2897 563 2935 uultu
1199 2895 1314 2934 uultu

392 2960 420 3002 5
449 2960 716 3018 dedignatus.
753 2976 882 3013 mary.
913 2963 965 3003 ab
996 2962 1051 3004 al.
1079 2976 1131 3004 m.
1199 2960 1464 3003 aduersatus.
1491 2963 1550 3012 ql.
1580 2969 1835 3015 aspernatus

450 3028 489 3067 ul
519 3028 772 3069 aduersatus
