2119 3488
1021 194 1298 244 -30-

428 315 603 367 Codex
635 316 952 367 Pacuvianus
984 318 1028 366 Ι.

327 400 411 440 589
438 401 530 452 ipsu
563 400 629 440 dei
665 402 852 454 uitatque

327 464 411 506 595
439 478 587 506 omnes
618 467 733 508 tiber.
765 480 912 508 omnes

327 531 410 571 598
437 544 589 572 nomen
619 535 697 574 erit

327 597 412 638 600
440 610 521 637 nec
553 605 693 639 tamen
722 600 816 653 ipsa

326 663 407 704 611
438 670 560 717 parat
589 664 685 705 huic
714 665 802 705 uult

325 727 410 768 615
437 729 614 769 karistia
642 730 734 770 kari

325 794 409 834 617
437 795 654 848 propinqui

324 860 403 901 621
437 862 609 902 uenient

323 927 408 968 625
437 927 663 969 tantalides

323 992 407 1035 630
436 993 596 1035 adesse
625 996 740 1036 iubet

323 1058 402 1100 631
436 1059 605 1101 honoris
634 1086 687 1091 —
720 1064 875 1104 amoris
905 1078 940 1103 υ,
972 1079 1005 1103 s.

323 1125 408 1166 634
435 1127 588 1167 sumite
619 1129 749 1168 uerba

323 1191 406 1232 635
437 1193 544 1233 bene
574 1200 617 1234 te
646 1196 808 1247 patriae

323 1257 407 1299 636
435 1258 599 1301 suffuso
629 1260 669 1300 in
699 1273 823 1302 sacra
853 1262 983 1302 uerba

323 1324 407 1364 637
436 1326 672 1366 celebretur

324 1456 407 1496 643
435 1458 595 1498 rustica
611 1465 739 1499 texto.
757 1473 792 1501 v.
808 1474 840 1498 s.
857 1473 984 1510 mary.
1002 1467 1116 1501 tectu

323 1654 407 1695 645
436 1662 591 1697 constr.
620 1663 711 1697 arte

326 1724 409 1763 652
438 1724 558 1764 turba
588 1724 703 1764 fauet

326 1790 410 1830 654
437 1792 603 1832 lactans

324 1857 404 1897 661
436 1857 658 1897 thiaterida

323 1923 406 1964 672
435 1936 600 1977 manes,
631 1938 658 1963 a
685 1925 728 1966 2.
757 1939 808 1966 m.

323 1990 408 2030 692
436 1990 517 2031 hoc
547 1989 718 2043 cupiant

322 2057 406 2098 674
434 2071 516 2098 nec
545 2057 626 2097 uid.

322 2127 407 2167 676
434 2128 503 2167 ille
532 2138 652 2175 suus,
683 2140 709 2165 α
738 2128 781 2169 2.
810 2140 860 2167 m.

322 2193 407 2233 712
437 2193 635 2245 princeps

322 2259 400 2300 721
434 2259 583 2300 hostes
613 2266 885 2300 contemnere
915 2270 1041 2312 pugn.

321 2327 405 2367 718
434 2325 623 2366 creditus

321 2392 404 2434 762
432 2391 611 2433 aderant

322 2459 407 2501 763
435 2466 479 2500 et
510 2471 635 2513 quam
666 2471 770 2498 corr.

321 2525 405 2567 770
431 2526 618 2567 inlectae

321 2592 400 2632 771
432 2593 572 2631 uoltus

321 2658 407 2699 772
436 2659 551 2699 color
580 2658 648 2698 hic
680 2658 815 2698 facies

321 2724 407 2766 773
434 2726 563 2765 fluctu

320 2790 403 2832 774
432 2796 564 2831 tumet

322 2923 405 2964 775
434 2924 513 2965 sed
543 2925 736 2978 quamuis

321 2989 404 3031 780
432 2990 528 3031 aud.
547 3004 750 3045 mensque
775 2990 980 3045 deusque,
1012 2996 1115 3031 teste

435 3056 569 3100 Gron.
593 3057 764 3110 forsque
775 3070 996 3111 mensque,
1012 3062 1115 3097 teste

433 3122 584 3165 Heius.

1302 315 1476 368 Codex
1516 316 1859 369 Treverensis.

1189 404 1281 454 ipsa
1311 402 1390 440 sibi
1420 401 1608 453 uitatque

1188 480 1335 507 omnes
1365 466 1606 507 tiberinides
1635 467 1746 507 unde

1189 547 1338 574 nomen
1370 538 1460 572 erat

1189 613 1269 640 nec
1300 607 1439 640 tamen
1469 597 1539 636 illa

1187 672 1309 721 parat
1336 665 1404 706 hic
1433 664 1520 704 uult

1188 732 1360 773 caristia
1389 732 1475 772 cari

1188 799 1405 851 propinqui

1187 864 1357 904 ueniant

1186 930 1414 971 tantalides

1186 997 1343 1038 adesse
1373 997 1440 1037 die

1186 1063 1341 1103 amoris

1186 1131 1362 1170 sumiste
1392 1129 1488 1169 uina

1187 1197 1294 1236 bene
1325 1202 1367 1236 te
1397 1196 1530 1248 patrie

1186 1261 1348 1303 suffuso
1379 1263 1419 1302 in
1449 1272 1573 1302 sacra
1603 1258 1731 1298 uerba

1187 1331 1433 1369 celebratur.
1479 1340 1609 1376 mary.
1652 1326 1704 1364 ab
1743 1326 1885 1363 eadem
1921 1337 1973 1362 m.

1296 1396 1335 1435 ul
1365 1394 1599 1436 celebretur

1185 1474 1260 1501 ara
1289 1461 1335 1501 fit
1364 1461 1443 1499 hic.
1473 1460 1611 1512 ignem
1629 1468 1756 1496 curua
1781 1455 1860 1494 fert
1877 1465 1974 1493 rus-

1297 1527 1380 1567 tica
1396 1531 1520 1567 testa.
1535 1537 1665 1574 mara.
1681 1524 1722 1563 ul
1738 1527 1849 1563 testa
1862 1518 1973 1573 quod

1297 1592 1418 1633 idem.

1185 1660 1389 1701 construit
1418 1665 1507 1699 arte
1537 1672 1574 1711 q.
1604 1672 1636 1697 c.
1667 1661 1786 1697 arcte

1185 1728 1306 1767 turba
1336 1727 1482 1766 fauent

1185 1795 1351 1833 lactans

1184 1858 1401 1899 triareride

1185 1938 1334 1966 manes

1185 1993 1265 2033 hec
1295 1991 1465 2045 cupiunt

1185 2074 1238 2100 nc
1269 2059 1349 2098 uid.

1186 2128 1253 2167 ille
1284 2133 1379 2166 tuus

1185 2194 1341 2246 primus

1184 2260 1331 2299 hostes
1361 2257 1621 2298 committere
1651 2267 1776 2309 pugn.

1186 2325 1369 2366 creditus

1185 2389 1331 2431 aderat

1186 2464 1227 2498 et
1257 2457 1365 2511 quod
1397 2470 1499 2498 corr.

1185 2526 1382 2579 neglecte

1186 2593 1322 2631 uultus

1186 2658 1300 2698 color
1330 2656 1410 2697 hec
1440 2656 1575 2697 facies

1185 2724 1284 2762 flatu

1184 2789 1294 2830 unda
1336 2788 1465 2829 timet.
1495 2802 1624 2840 marq.
1663 2789 1714 2828 ab
1754 2788 1895 2828 eadem
1923 2797 1973 2825 m.

1294 2857 1333 2896 ul
1365 2861 1494 2895 tumet

1183 2926 1248 2965 sic
1277 2923 1469 2977 quamuis

1183 2988 1371 3030 audaces
1402 2987 1573 3040 forsque
1604 2988 1794 3042 deusque
