2134 3454
298 253 473 307 Codex
512 254 851 307 Treveremis.
1112 253 1287 307 Codex
1319 255 1644 308 Monacensis
1676 257 1750 308 ΙΙ.

180 341 211 393 Ι,
241 338 325 380 438
353 340 544 381 omnibus
1034 339 1197 380 omibus

176 406 260 449 439
287 419 423 461 penas
1033 418 1170 459 penas

176 473 259 515 444
286 484 417 515 sonos
1033 483 1164 513 sonos

175 539 260 580 445
288 538 368 581 sed
397 537 523 578 nichil
1033 535 1111 577 sed
1142 536 1268 578 nichil

176 605 259 646 446
287 604 426 658 diique
1034 601 1174 656 diique

176 672 260 713 447
287 684 369 712 non
399 676 541 710 tamen
571 691 622 698 —
1033 680 1116 708 non
1144 674 1286 709 tamen
1314 693 1367 699 —

285 736 438 777 falsum
468 740 550 788 est,
581 746 678 774 nam
1033 734 1186 775 falsem
1216 740 1300 789 est,
1331 747 1426 776 nam

176 804 258 845 449
287 815 398 844 nunc
427 801 607 856 denique
1033 807 1134 842 tunc
1163 800 1345 854 denique

175 870 258 911 454
286 868 438 910 inaehe
465 867 580 908 laute
1033 867 1185 909 inache
1214 868 1327 909 laute

176 935 258 976 457
287 934 414 975 delfin
1032 933 1161 974 delfin

175 1001 258 1043 462
285 998 483 1042 archadie
1032 999 1231 1041 archadie

174 1068 258 1110 466
286 1068 439 1122 diriget
1032 1065 1184 1120 diriget

175 1135 257 1176 470
286 1132 471 1176 archade
1031 1131 1216 1173 archade

174 1200 253 1241 471
285 1199 478 1254 quamuis
1032 1198 1223 1253 quamuis

173 1266 257 1307 475
286 1266 452 1307 dixerat
479 1265 561 1305 hoc
1032 1265 1197 1304 dixerat
1225 1264 1307 1304 hoe
1335 1279 1361 1303 a
1388 1266 1429 1308 1.
1457 1280 1509 1307 m.

173 1332 256 1374 478
284 1330 527 1374 archadiam
557 1330 872 1385 parrasiumque
1032 1328 1275 1371 archadiam
1307 1332 1623 1388 parrasiumque

173 1397 256 1438 480
283 1398 391 1438 siste
419 1409 524 1449 puer
551 1398 651 1439 laer.
1031 1397 1138 1437 siste
1167 1410 1271 1449 puer
1298 1397 1398 1438 lacr.

173 1463 255 1504 489
283 1464 336 1504 ab
364 1463 478 1504 horis
1032 1463 1085 1502 ab
1114 1462 1228 1502 horis

173 1528 256 1571 490
284 1529 408 1570 aonia
1032 1528 1156 1568 eonia
1186 1541 1212 1567 a
1240 1528 1281 1570 1.
1309 1542 1362 1571 m.

174 1597 251 1637 491
286 1595 425 1636 tideus
1031 1594 1168 1635 tideus

173 1663 256 1704 497
285 1669 328 1703 et
356 1662 476 1703 firma
504 1667 646 1702 mente
1031 1667 1074 1701 et
1102 1661 1223 1701 firma
1251 1667 1393 1702 mente

174 1728 256 1768 499
282 1727 440 1768 monitu
469 1728 696 1768 carmentis
725 1728 766 1768 in
798 1741 963 1769 amnem
1031 1727 1258 1769 carmentis
1288 1729 1445 1769 monitu
1474 1730 1514 1770 in
1545 1743 1695 1771 aunem

173 1794 256 1835 503
283 1794 483 1834 immissis
512 1817 566 1824 —
593 1806 777 1847 puppem
1030 1794 1217 1835 inmissis
1244 1817 1298 1823 -—-
1326 1808 1478 1848 pupem

172 1860 256 1901 504
282 1872 450 1900 manum
1030 1872 1156 1900 manu
1184 1862 1227 1904 2,
1257 1875 1308 1904 m.

173 1926 256 1968 509
285 1926 424 1980 diique
1030 1926 1169 1981 diique

172 1991 256 2033 512
285 1992 401 2032 chori
1030 1995 1116 2036 cori

171 2058 255 2100 513
284 2058 465 2112 mihique
1029 2061 1239 2116 michique

171 2124 255 2165 515
283 2126 325 2165 hi
354 2147 403 2153 —
435 2124 573 2164 menia
1029 2126 1083 2166 hii
1114 2151 1166 2158 —
1195 2126 1334 2167 menia

172 2190 256 2232 526
284 2204 395 2232 nunc
423 2191 556 2230 minor
1030 2206 1112 2234 non
1142 2194 1275 2234 minor
1303 2207 1329 2233 a
1357 2194 1400 2235 2.
1428 2206 1481 2234 m.

172 2256 255 2299 532
282 2257 350 2298 sas
379 2257 537 2309 imperii
1028 2260 1097 2301 fas
1129 2266 1198 2301 est
1227 2258 1387 2312 imperii
1415 2272 1442 2297 a
1469 2258 1509 2298 1.
1538 2272 1590 2301 m.

172 2321 255 2363 537
283 2322 325 2362 in
354 2333 489 2363 annos
1029 2326 1069 2365 in
1100 2337 1264 2381 amnes,
1291 2329 1475 2366 correcto
1499 2337 1633 2366 annos
1658 2326 1710 2365 ab
1736 2330 1820 2367 ant.

1138 2406 1270 2432 manu

171 2454 256 2497 539
283 2454 462 2510 pupibus
491 2479 543 2485 —
573 2455 683 2498 lacia
1028 2458 1208 2513 pupibus

172 2522 256 2563 540
284 2522 377 2574 ipse
1027 2522 1052 2565 ’ἑ

172 2587 256 2629 542
283 2587 469 2628 archade
1029 2588 1217 2631 archade

169 2653 257 2696 543
286 2653 487 2696 erictidas
1029 2654 1287 2697 heritheidas

169 2721 252 2761 545
283 2721 515 2784 hospicium
545 2728 613 2763 est
642 2727 773 2775 tegea
1029 2722 1265 2776 hospicium
1294 2728 1363 2762 est
1392 2727 1520 2775 tegea

169 2787 253 2828 547
281 2800 429 2829 somno
459 2789 667 2829 tirinthius
697 2788 822 2829 heros
1029 2801 1206 2842 sompno
1236 2789 1414 2829 tirintius
1443 2788 1570 2828 heros

170 2851 253 2894 550
280 2849 486 2896 aduersos
517 2879 564 2886 -—
599 2853 720 2895 ferox
1029 2855 1238 2897 aduersos
1267 2878 1319 2884 —
1352 2855 1471 2896 ferox

171 2917 255 2959 553
283 2919 373 2960 dira
1029 2921 1133 2962 dura

170 2983 253 3024 557
282 2997 355 3026 ora
1029 3000 1186 3041 oraque
1215 3000 1243 3026 a
1270 2988 1310 3028 1.
1339 3002 1390 3029 m.
