2119 3488
505 267 682 321 Codex
720 266 1062 320 staveren-vis.
1334 268 1511 321 Codex
1542 267 1870 320 Monacensis
1901 263 1978 319 ῙΙ.

387 354 462 407 ΙΙΙ,
492 353 549 394 89
577 354 735 394 tercius
766 377 819 385 --
1252 353 1410 395 tercius
1444 377 1490 383 —-

499 419 670 473 quintus
699 443 754 450 —
1253 428 1427 477 quartus
1457 446 1508 452 —

497 486 703 540 phaliscis

413 550 470 592 90
497 552 671 593 hernica
1252 555 1438 597 hermica

413 618 470 659 9²
498 609 638 659 menis
1252 623 1392 664 menia

414 684 470 726 93
498 685 685 740 equirius
715 698 815 727 acer
846 711 896 717 —
1251 688 1498 743 aequicuius
1529 698 1629 728 acer
1656 709 1710 716 —

497 753 566 792 his
593 753 793 805 quintum,
821 766 952 802 mar-q.
981 766 1088 794 corr.
1119 753 1184 791 bis
1250 752 1274 795 ‘3

413 818 469 859 94
497 818 695 861 forensis.
723 832 935 870 super-scr.
965 831 1018 859 cu
1252 820 1463 873 cui-ensis,
1494 832 1547 861 m.
1574 819 1617 860 2.

413 885 470 925 97
497 885 645 925 ordine
663 884 812 926 fastos.
827 898 958 935 maru.
975 885 1182 925 ulsaitem
1251 886 1395 927 ordine
1424 885 1580 938 saltim,
1609 896 1661 926 m.
1691 882 1732 925 1.

414 952 470 992 98
499 952 634 991 autori
873 975 877 979 -
1251 955 1401 1008 autori,
1430 960 1481 996 m.
1513 951 1552 995 1,

313 1008 317 1012 ⁴
389 1018 469 1060 105
498 1026 571 1059 aut
601 1017 753 1058 hiadas
786 1041 832 1047 —
1250 1019 1479 1074 antyadas,
1509 1033 1561 1061 m.
1590 1018 1631 1059 1.
1663 1041 1710 1046 —

495 1085 738 1126 athlanteas
1250 1086 1518 1127 athalanteas

389 1151 470 1193 106
497 1156 706 1193 senserat.
736 1163 867 1201 mary.
896 1163 921 1189 a
950 1163 1032 1192 rec.
1060 1162 1111 1191 m.
1141 1150 1181 1189 ui
1251 1157 1427 1192 nouerat

499 1222 676 1258 nouerat

388 1283 468 1325 107
497 1284 695 1324 cinosura
1251 1286 1446 1327 cinosura

389 1351 469 1393 108
497 1349 672 1400 sinodis,
714 1363 845 1399 marq.
875 1351 927 1389 ul
950 1350 1126 1390 sidoniis

498 1417 636 1457 eiicen
664 1439 720 1445 —
1249 1419 1385 1460 elicen

388 1484 462 1523 111
498 1495 578 1522 non
609 1483 776 1522 obseru.
1248 1497 1330 1525 non
1360 1484 1527 1524 obsera.

389 1550 467 1591 115
496 1548 665 1604 quidem
696 1548 794 1589 feno
1249 1550 1416 1606 quidem
1446 1550 1571 1591 foeno

388 1616 469 1657 116
497 1622 697 1669 quantam
1249 1622 1465 1671 quantum,
1497 1615 1538 1657 1.
1565 1628 1616 1657 m.

388 1683 468 1724 119
497 1694 602 1736 ergo
632 1681 758 1722 animi
788 1680 924 1723 indoc.
1249 1695 1352 1736 ergo
1382 1696 1409 1722 n
1438 1681 1575 1724 indoc.
1603 1695 1628 1721 a
1656 1695 1707 1722 m.
1736 1680 1777 1722 1.

387 1748 466 1790 125
495 1761 574 1789 seu
604 1748 702 1801 quia
732 1747 785 1787 ad
1248 1762 1326 1789 seu
1357 1749 1453 1801 quia
1483 1747 1537 1787 ad

389 1815 468 1857 126
496 1814 658 1869 spaciis
687 1836 738 1844 —
1248 1815 1407 1868 spaciis
1437 1838 1490 1844 —

496 1882 674 1921 sumitur
1248 1881 1464 1922 summitur

388 1946 467 1986 127
496 1945 593 1986 inde
622 1958 749 1999 pares
1247 1946 1344 1986 inde
1375 1958 1500 1998 pares

387 2012 467 2054 130
495 2012 580 2066 leg.
605 2012 782 2066 quisque
1247 2013 1330 2066 leg.
1360 2012 1538 2065 quisque

387 2078 462 2119 131
494 2083 641 2131 partes
670 2077 913 2118 totidem—
1247 2078 1420 2119 totidem
1449 2083 1594 2131 partes
1622 2098 1668 2104 —

495 2143 743 2183 ticiensibus
1247 2144 1495 2197 titientibus,
1525 2156 1576 2185 m.
1606 2142 1649 2184 1.

385 2208 466 2251 132
494 2221 652 2251 tannes
1246 2224 1401 2253 rannes

385 2275 466 2317 133
494 2277 535 2316 in
564 2288 674 2317 anno
1245 2279 1285 2318 in
1315 2288 1478 2318 annuos

385 2341 465 2383 139
494 2342 580 2384 sebi
1244 2343 1370 2397 phebi

384 2406 465 2448 143
493 2408 608 2450 arch.
1244 2410 1359 2451 arch.

384 2473 467 2512 144
495 2473 660 2514 refecta
1244 2481 1428 2528 resecta,
1463 2487 1490 2513 a
1518 2474 1559 2517 1.
1587 2487 1637 2513 m.

384 2538 463 2578 145
492 2539 591 2580 hinc
620 2552 721 2580 esse
1244 2542 1341 2581 hinc
1369 2552 1470 2580 esse

383 2604 464 2645 146
492 2611 619 2658 cepta
649 2628 702 2635 —
1244 2612 1371 2659 cepta
1400 2629 1452 2636 —

491 2684 640 2711 mense
669 2678 848 2727 repente
877 2674 957 2714 coli
1244 2684 1391 2714 mense
1421 2677 1597 2725 repente
1625 2670 1705 2712 coli

384 2738 464 2779 148
493 2739 683 2792 spacium
716 2763 765 2770 —
796 2753 908 2794 pene
1243 2740 1434 2793 spacium
1463 2761 1516 2768 —-
1545 2750 1657 2790 pene

384 2806 465 2847 149
492 2806 546 2847 ab
576 2805 659 2847 hoc
726 2837 737 2850 ,
1243 2805 1297 2847 ad
1327 2805 1424 2858 hoc,
1455 2819 1509 2846 m.
1539 2803 1581 2845 1.

384 2871 464 2912 150
491 2872 636 2925 incipit
650 2873 691 2911 in
708 2885 895 2920 numero,
920 2880 1131 2926 superarer.
1149 2886 1175 2914 a
1243 2871 1387 2924 incipit
1416 2871 1455 2910 in
1486 2881 1673 2923 numero,
1703 2870 1783 2910 sub
1811 2882 1896 2913 rae.

384 2937 465 2980 153
492 2939 585 2980 siue
614 2935 695 2980 hoc
724 2952 748 2979 a
1241 2939 1334 2980 siue
1363 2939 1416 2979 ho
1447 2951 1472 2979 a

384 3004 465 3046 163
492 3004 639 3046 decies
667 3017 798 3046 senos
1242 3004 1389 3046 decies
1417 3015 1564 3057 sonoS,
1594 3016 1621 3044 a
1650 3003 1690 3044 1.
1718 3018 1770 3045 m.
