2087 3488
946 176 1227 226 -24-

359 297 535 349 codex
565 297 884 347 Patavium
917 298 960 346 Ι.

258 380 342 422 265
371 381 611 435 contigerat

258 447 343 488 266
369 445 579 487 inuidiosa

258 513 342 555 268
370 514 467 553 noui

257 579 342 620 270
369 592 457 632 rep.
488 585 531 619 et
560 579 768 619 iaculatus

257 645 342 686 282
372 645 534 698 clusus,
565 648 668 685 teste
699 643 883 685 Gronov.

370 710 538 750 numine

258 774 344 816 283
372 775 540 817 diuersa
569 776 763 817 uidentes

257 841 342 882 287
370 842 442 883 fac

257 908 341 949 289
371 921 426 948 ex
441 908 546 961 ipsis
560 930 605 937 -—
622 906 781 960 dicere,
797 911 901 947 teste
918 905 1050 947 Gran.

257 1041 340 1081 296
368 1051 468 1092 pars
497 1038 553 1078 sit
582 1043 626 1077 et
654 1041 746 1093 ipsa
776 1041 858 1079 mei

256 1105 339 1146 298
369 1105 518 1145 domus

256 1172 340 1212 299
367 1171 556 1223 iocisque

256 1236 336 1277 301
369 1243 411 1276 et
440 1236 580 1275 uinum

256 1302 343 1343 302
373 1302 643 1355 officiumque
672 1326 725 1332 —
756 1301 981 1341 militiaeue

256 1368 339 1410 308
367 1369 534 1422 imaque

256 1434 339 1476 314
366 1435 593 1488 praecipue
623 1435 825 1476 occiduas

369 1567 526 1607 subibit

256 1633 341 1674 313
371 1639 626 1686 quaeruntur

255 1698 340 1739 315
368 1700 498 1742 instit.
523 1698 680 1739 imbres
696 1697 827 1737 nisisi
844 1696 931 1749 tibi,
948 1700 1050 1736 teste

370 1765 505 1807 Gron.
544 1764 770 1804 institerint
806 1774 943 1803 nonae
972 1761 1050 1802 nisi

367 1831 433 1872 sic
461 1830 516 1871 ibi
546 1843 588 1873 n.
619 1843 658 1872 a.
687 1833 792 1869 teste
818 1828 968 1870 Heius.

254 1897 339 1939 316
365 1898 493 1952 signa
535 1897 694 1937 dabunt
748 1895 903 1936 imbres
945 1906 1051 1934 exo-

369 1962 503 2003 riente
529 1963 606 2002 lira

254 2028 337 2069 317
367 2028 504 2069 dictos

253 2094 338 2135 322
365 2107 497 2148 rogas
526 2117 580 2125 —
609 2096 754 2135 iussus
783 2100 886 2146 agat

251 2225 336 2266 328
365 2233 434 2267 est
462 2228 556 2280 ipsa

250 2292 330 2334 331
361 2293 478 2346 prius
508 2293 691 2347 antiquis

250 2357 334 2400 332
363 2365 433 2400 est
462 2373 538 2403 om.

249 2422 333 2464 342
363 2424 531 2466 fuerant
560 2426 677 2465 nibiri

250 2489 328 2531 351
361 2492 535 2531 latentia

360 2558 493 2598 sulcis

248 2622 332 2663 357
359 2629 503 2663 tamen
533 2623 603 2663 hic

248 2687 332 2729 360
360 2688 513 2729 adfuso

247 2753 326 2794 361
359 2755 481 2807 culpa
511 2767 590 2795 sua

248 2819 331 2860 373
361 2822 626 2861 transformis
656 2822 865 2863 adulterat

247 2884 326 2925 381
358 2888 497 2939 pascit
527 2887 619 2927 ouis
649 2894 767 2940 prato

248 2950 332 2991 383
361 2954 539 2993 animam
571 2966 650 2992 con
680 2963 809 3005 ponat

247 3013 333 3057 387
361 3018 494 3059 semel
527 3024 594 3060 est
623 3018 798 3074 triplicis

1242 299 1416 350 Oodeoe
1455 298 1796 350 Trwerom‘s.

1123 384 1388 438 contigerant

1121 448 1329 490 inuidiosa

1122 517 1231 556 moui

1121 594 1209 634 rep.
1240 581 1472 622 eiaculatus

1121 648 1292 688 clausus

1120 714 1289 754 numine

1121 777 1290 818 diuersa
1319 775 1512 818 uidentes

1121 843 1217 884 face

1120 922 1174 949 ex
1201 910 1295 949 istis
1326 931 1375 937 —-
1408 907 1565 961 dicere,
1605 921 1644 961 q.
1672 911 1699 950 i.
1729 907 1908 948 discere.

1200 974 1296 1017 vid.
1325 986 1452 1026 supra
1481 985 1579 1028 pag.
1611 973 1672 1015 17.
1701 986 1742 1016 ν.
1770 972 1864 1016 276.

1117 1052 1217 1093 pars
1247 1040 1323 1080 fuit
1352 1041 1435 1080 ista
1463 1042 1546 1080 mei

1118 1105 1266 1146 domos

1116 1170 1307 1224 iocisque

1117 1243 1162 1276 et
1191 1237 1328 1276 uinum

1116 1302 1386 1355 officiumque
1416 1302 1651 1355 milicieque

1116 1381 1289 1411 summa.
1323 1381 1404 1422 que
1434 1372 1631 1408 omissum

1115 1448 1298 1490 preceps
1338 1434 1562 1488 occiduas,
1607 1448 1634 1474 a
1666 1446 1748 1476 rec.
1775 1446 1828 1476 m.
1865 1433 1906 1472 ul

1197 1502 1397 1556 precipue

1116 1569 1270 1611 subibit

1117 1642 1343 1689 queruntur

1116 1700 1341 1742 institerint
1370 1699 1523 1741 imbres
1553 1698 1670 1739 missi
1701 1696 1754 1738 de
1783 1696 1904 1737 nubi-

1198 1768 1276 1808 bus
1306 1767 1409 1807 atris

1116 1913 1226 1941 none
1254 1900 1377 1954 signa
1403 1897 1561 1938 dabunt
1582 1895 1800 1937 exoriente
1827 1894 1902 1935 lira

1117 2031 1279 2072 ductos.
1306 2044 1436 2082 marq.
1464 2043 1491 2069 a
1518 2043 1599 2069 rec.
1618 2042 1670 2071 m.
1699 2029 1741 2069 ul
1764 2026 1901 2069 ductis

1115 2109 1244 2149 rogas
1257 2098 1461 2137 -iussus
1473 2097 1574 2150 agit.
1585 2109 1715 2146 marq.
1728 2098 1769 2136 ul
1777 2103 1901 2149 rogat

1196 2163 1286 2203 sine
1315 2162 1643 2217 interrogatione

1115 2232 1180 2269 est
1208 2229 1300 2282 ipsa

1112 2296 1226 2347 prius
1256 2295 1421 2336 anticus

1113 2361 1261 2402 iudicio
1292 2368 1359 2402 est

1112 2428 1277 2469 fuerant
1306 2429 1414 2469 rubri

1111 2494 1316 2534 lactencia

1110 2559 1239 2600 sulcis

1110 2630 1248 2665 tamen
1278 2624 1374 2666 hinc

1109 2691 1247 2732 affuso

1110 2759 1233 2810 culpa
1262 2759 1352 2798 suis

1109 2824 1380 2864 transformat
1410 2829 1454 2863 et
1482 2823 1633 2862 alterat

1108 2889 1221 2941 pauit
1251 2890 1342 2928 ouis
1373 2894 1534 2942 pratum

1107 2956 1270 2996 animas
1301 2969 1392 2995 cum
1423 2962 1552 3007 ponat

1107 3020 1257 3076 triplici
1285 3021 1418 3063 semel
1450 3026 1517 3063 est
