2119 3488
821 0 835 7 ν
843 0 861 8 ,
871 0 884 3 -
892 0 1139 19 ‘'wa-„2251
1147 0 1219 11 -rar

423 325 600 380 Codex
633 325 951 374 Petavianus
986 326 1029 373 Ι.
1315 324 1490 374 Codex
1528 323 1866 374 Treverensis.

333 408 412 449 167
439 408 566 462 haec,
596 422 623 447 a
651 409 692 452 1.
720 423 773 451 m.
805 433 855 438 —
886 415 1026 463 tegea.
1195 409 1276 449 hac
1311 433 1356 437 —-
1393 414 1522 461 tegea

333 475 413 515 169
442 474 607 514 dixerat
641 473 764 527 haec,
804 480 908 514 leste
939 474 1126 517 Gronov.
1196 476 1359 515 dixerat
1388 481 1430 514 et

332 542 414 583 172
443 542 537 595 ipsa
567 553 663 596 suo,
694 555 721 580 a
749 541 789 584 1.
817 555 868 584 m,
1195 542 1289 594 ipsa
1321 541 1384 581 sui

333 606 414 648 173
441 607 647 661 Lycaone
1195 608 1358 648 licaone

335 675 414 715 174
443 687 497 713 ne
527 679 635 714 cast.
1197 687 1278 714 nec
1307 679 1414 714 cast.

334 740 410 781 191
443 738 562 792 adiit,
593 741 710 780 deest
740 765 789 770 —
821 740 967 780 thetim
1197 741 1301 794 petit
1332 764 1380 768 —
1413 738 1558 778 thetim

334 805 414 846 192
443 805 679 845 maenalian
786 811 790 814 ⁴
1198 807 1418 846 menaliam

338 871 415 912 195
443 871 710 912 uincentibus
739 886 766 910 a
794 873 837 913 2.
866 886 917 911 m.
1199 871 1452 925 uegentibus

331 938 417 980 202
445 937 529 980 203
558 938 710 978 omittit
1202 939 1320 980 Trev.
1350 939 1426 978 laos
1455 951 1538 979 ²233.
1567 937 1700 978 habet.

331 1003 416 1044 207
444 1004 497 1044 de
527 1009 658 1057 gente
688 1004 837 1044 leones
1199 1003 1252 1043 de
1281 1009 1410 1056 gente
1440 1004 1586 1044 leones

331 1071 418 1111 212
446 1082 646 1123 armaque
676 1076 810 1124 recta,
842 1084 868 1108 a
897 1071 937 1110 1.
968 1085 1019 1112 m,
1199 1082 1398 1123 armaque
1429 1074 1542 1109 tecta

332 1135 416 1175 228
445 1141 596 1188 restat,
627 1150 653 1175 a
682 1137 723 1176 1.
752 1150 803 1174 m.
1200 1142 1349 1188 restat,
1380 1138 1457 1174 sed
1483 1149 1590 1176 corr.
1620 1141 1752 1174 restet
1780 1157 1833 1162 --

1199 1201 1340 1253 adest,
1371 1203 1449 1240 sed
1474 1202 1655 1240 delelum
1675 1206 1714 1240 et
1732 1202 1988 1251 adscriptum

1200 1268 1355 1307 habent

333 1335 420 1375 229
448 1335 578 1387 longe
607 1333 759 1385 siluas,
790 1346 816 1370 a
846 1333 886 1374 1.
916 1347 967 1375 m.
1200 1336 1326 1387 longe
1356 1334 1474 1374 siluis

334 1399 417 1441 237
446 1400 644 1453 impubis,
675 1413 702 1438 a
730 1400 774 1441 2.
802 1413 854 1442 m.
1201 1387 1390 1454 impubgies

333 1466 417 1506 242
446 1478 528 1519 que
558 1466 663 1505 latet
1201 1480 1281 1519 que
1311 1468 1412 1505 latet

334 1532 413 1572 261
445 1533 613 1572 lactans
1200 1532 1364 1572 lactans

335 1595 419 1637 275
447 1608 532 1649 pan
558 1596 645 1650 illa,
672 1609 698 1634 a
719 1596 827 1637 Lm.
853 1620 902 1624 —
931 1608 1129 1648 aquarum
1199 1610 1282 1650 pan
1313 1599 1390 1636 iliis
1422 1609 1572 1636 nomen
1603 1609 1802 1649 aquarum

335 1663 420 1703 278
447 1663 516 1703 hic
546 1663 613 1702 ubi
644 1676 756 1703 nunc
786 1663 884 1703 urbs
914 1668 979 1702 est
1011 1667 1093 1701 tum
1200 1664 1268 1703 hic
1297 1664 1364 1703 ubi
1396 1676 1506 1704 nunc
1536 1663 1632 1703 urbs
1663 1670 1730 1704 est
1762 1670 1861 1704 tunc

335 1728 420 1770 280
449 1728 543 1782 erit,
575 1742 602 1767 a
630 1729 672 1768 2.
703 1742 754 1770 m.
1201 1734 1292 1767 erat

336 1796 415 1836 281
448 1795 512 1836 sic
542 1797 742 1835 omissum
1199 1795 1264 1834 sic

336 1862 419 1902 284
448 1862 634 1914 concipit
684 1861 802 1914 ipse,
856 1867 958 1902 leste
1007 1864 1132 1901 tacito
1200 1862 1383 1914 concipit
1413 1862 1504 1914 ipse

447 1929 628 1969 Heinsio
640 1933 786 1968 contra
796 1931 936 1970 disert.
948 1928 1133 1970 Gronov.

449 1998 525 2047 qai
539 1999 716 2034 annotat
740 1996 808 2034 ille
842 2019 883 2025 ....
922 1997 988 2035 ille
1005 1997 1132 2049 fugas
1200 1996 1293 2048 ipse
1325 1995 1440 2033 seras

336 2061 420 2102 290
448 2062 605 2114 uolgus
1201 2063 1355 2114 uulgus

335 2125 419 2167 304
448 2138 531 2179 que
561 2126 655 2167 loco
1201 2140 1282 2180 quc
1312 2128 1404 2165 loco

336 2192 416 2232 311
450 2192 624 2231 tenebat
1201 2193 1401 2232 tenebant

336 2257 420 2299 312
448 2257 657 2311 hesperos
1201 2258 1407 2311 hesperus

337 2323 422 2365 323
451 2324 567 2376 cupit
1203 2324 1315 2375 capit

336 2391 421 2432 326
450 2390 716 2430 succubuere
1202 2391 1437 2430 secubuere

337 2456 421 2498 333
450 2456 578 2496 intrat
607 2455 746 2495 adhuc
776 2456 872 2494 illuc
1203 2457 1326 2496 intrat
1360 2462 1401 2495 et
1431 2456 1512 2495 huc
1543 2456 1637 2496 iiiuc

337 2522 422 2562 336
451 2523 560 2562 forte
1202 2529 1317 2562 sorte

339 2588 423 2630 339
452 2601 533 2642 que
563 2600 691 2627 manu
721 2585 807 2625 red.
1203 2600 1284 2641 que
1313 2593 1426 2627 metu
1456 2586 1544 2627 red.

338 2654 422 2695 347
451 2660 730 2706 temptantem
761 2653 898 2692 subito
1205 2660 1475 2707 temptantem
1506 2655 1645 2693 cubito

339 2721 422 2762 358
451 2722 575 2774 inque
606 2726 677 2760 tuo
1203 2720 1328 2773 inque
1358 2725 1440 2762 tuo.
1473 2733 1602 2770 mat-9.
1632 2720 1670 2759 ul
1700 2731 1789 2760 suo.

340 2785 421 2827 361
454 2787 623 2826 neribus
1204 2786 1385 2824 uerubus

340 2852 423 2893 365
453 2853 642 2893 uestibus
1203 2852 1392 2892 cestibus

340 2917 423 2958 378
452 2917 563 2970 quod
592 2919 702 2958 bene
734 2916 872 2969 gessit
1203 2917 1271 2970 qui
1302 2917 1409 2955 bene
1439 2918 1576 2968 gessit

340 2983 424 3024 380
453 2996 617 3035 quaeue
647 2984 782 3024 locum
814 2982 882 3023 tai.
912 2995 937 3020 a
966 2983 1009 3023 2.
1037 2995 1088 3022 m.
1204 2996 1339 3036 queue
1370 2983 1505 3022 locum
1538 2983 1608 3022 tuli

340 3048 420 3089 391
453 3048 522 3089 hic
1202 3048 1270 3088 hic
