2134 3454
1480 0 1517 39 s

181 269 360 323 Codex
397 270 738 322 ssavor-ensis.
770 277 772 279 ’
1008 269 1183 322 Codex
1220 268 1549 320 Monacenu's
1579 267 1654 319 ΙΙ.

67 357 139 409 111,
169 356 198 396 8
226 361 270 396 et
298 355 396 408 qnid
427 379 478 385 —
927 361 971 395 et
999 354 1097 407 quid
1126 377 1179 384 —

175 419 388 474 inhermis,
420 420 497 459 sed
524 418 548 460 h
579 432 758 460 erasum.
926 419 1124 460 inhermis

119 487 148 526 9
175 493 276 526 tunc
925 492 982 528 tu.
1011 492 1097 525 tum
1124 487 1311 537 fortasse
1338 485 1419 524 sub
1448 499 1531 524 rae.

96 552 147 593 10
176 551 289 605 cepit
317 557 362 592 ut
390 551 488 592 huic
518 574 568 581 —-
926 552 1041 605 cepit
1070 558 1112 592 et
1142 551 1241 591 huic
1271 574 1321 580 —

174 629 332 671 magna
362 617 489 657 dares
925 617 1055 672 digna
1084 616 1214 670 dedit,
1245 631 1284 658 v.
1313 632 1347 659 ε.

96 684 148 727 13
177 683 231 725 ad
260 685 425 726 mollem
455 684 618 726 declini.
646 698 857 736 supet-scr.
925 683 978 725 ad
1009 683 1174 724 mollem
1206 683 1370 726 declino

177 751 229 789 ab
258 753 401 792 eadem
428 766 480 795 m.
510 753 577 792 uel
608 751 773 791 deciiuo

97 818 148 857 18
176 829 379 869 sompnus
924 829 1126 871 sompnos

93 883 148 924 23
175 895 378 935 sompnus
399 885 550 924 —iam
568 885 734 925 scilicet
751 885 858 924 intra
924 896 1128 937 sompnus
1157 907 1212 914 —-
1249 885 1331 925 iam
1362 884 1548 937 pondere
1578 891 1622 924 et
1651 885 1717 924 in-

175 953 221 989 in
250 962 335 990 ras.
1035 956 1098 989 tra
1127 964 1164 992 v.
1192 964 1273 992 eor.

94 1016 149 1057 27
178 1015 342 1068 sompni
924 1016 1088 1068 sompni

93 1081 148 1121 28
176 1092 352 1134 sompno
925 1093 1102 1134 sompno

91 1146 147 1187 3⁰
176 1147 288 1187 uicta
925 1148 1039 1188 uicta

93 1212 148 1254 33
175 1218 419 1265 protexerat
924 1219 1168 1266 pertexerat

94 1277 149 1319 36
177 1278 359 1318 amonitu
390 1302 442 1308 —
925 1280 1152 1319 ammonitu
1183 1304 1232 1310 —-

177 1345 324 1385 timore
354 1345 481 1386 micat
926 1346 1073 1386 timore
1102 1346 1242 1386 tremit
1269 1359 1307 1389 v.
1333 1359 1415 1387 scr.

93 1411 148 1453 37
176 1416 366 1465 pugnant
923 1417 1088 1465 pugnat

92 1478 148 1519 40
175 1479 308 1530 iussa,
338 1490 549 1529 super-eor.
579 1480 631 1518 ab
647 1481 790 1520 eadem
804 1495 856 1524 m.
924 1477 1038 1519 dicta

177 1546 217 1585 ul
248 1545 340 1585 uisa

92 1610 148 1652 50
175 1611 359 1652 habebat
923 1611 1109 1664 habebit,
1140 1625 1166 1650 a
1193 1612 1233 1654 1.
1261 1625 1312 1654 m.

92 1676 147 1715 57
176 1676 308 1716 honos
340 1699 391 1708 —-
924 1678 1056 1717 honor
1085 1702 1138 1708 —-

175 1743 318 1783 ueniet
348 1756 439 1785 cum
470 1745 717 1786 laurentalia
925 1744 1067 1784 ueniet
1105 1750 1206 1784 tunc
1243 1755 1339 1784 cum
1377 1743 1650 1798 laurentalia,
1689 1758 1716 1785 a

1034 1810 1076 1854 1.
1105 1823 1157 1851 m.

93 1873 150 1915 59
177 1875 333 1915 Martia
924 1876 1088 1916 Marcia

93 1941 144 1981 61
177 1941 388 1983 ministris.
430 1955 559 1992 mary.
598 1956 677 1994 pro
710 1944 858 1993 glossa
925 1943 1125 1983 ministris

178 2007 396 2062 magistris

94 2074 149 2114 65
177 2073 396 2114 audierant
924 2074 1146 2115 audierant

93 2139 150 2179 66
178 2140 220 2179 in
247 2140 390 2192 paruis
924 2142 963 2181 in
992 2141 1135 2194 paruis

93 2204 149 2246 69
176 2204 344 2245 fuerunt
925 2206 1042 2246 suere

93 2272 145 2313 71
177 2273 259 2312 iam
292 2271 416 2311 modo
923 2272 1004 2311 iam
1035 2284 1201 2326 quoque

93 2337 149 2379 74
178 2334 329 2380 credor*
355 2343 397 2377 et
425 2343 471 2377 ut
500 2337 650 2379 credar
924 2336 1038 2379 dicor
1067 2343 1111 2379 et
1139 2344 1185 2380 ut
1214 2337 1364 2380 credar

93 2404 149 2447 75
175 2417 347 2447 romano
391 2403 592 2459 dicimus,
644 2419 857 2458 super-scr.
923 2405 1115 2447 ducimus

177 2472 368 2514 ducimus

92 2538 148 2579 79
175 2545 317 2580 tamen
923 2546 1080 2595 tamen,
1110 2540 1190 2580 aab
1221 2553 1305 2583 ras.

92 2604 145 2646 81
177 2605 460 2660 cicropide—
923 2605 1162 2660 cicropidae
1191 2629 1243 2636 —

175 2671 329 2713 minoia
922 2673 1122 2729 minoida,
1152 2687 1193 2714 m
1221 2675 1261 2717 1.

92 2738 149 2779 82
175 2739 367 2792 isiphilea
921 2741 1132 2796 ysiphilea

92 2806 149 2847 83
178 2807 341 2847 micene
923 2807 1115 2848 micenae

93 2872 149 2913 84
175 2872 410 2926 pinigerum
921 2872 1142 2926 piniferum

92 2938 148 2980 87
175 2944 304 2980 uacat
921 2945 1065 2995 uacat,
1093 2954 1136 2981 m
1161 2942 1206 2984 2.
