2087 3488
899 228 1172 276 „22-

337 573 468 627 Atque
513 573 589 615 hae
632 576 721 615 sunt
765 572 898 614 variae
941 572 1164 627 scripturae
1199 570 1355 630 codicis
1394 571 1661 615 Treverensis.
1728 571 1854 622 Quum

205 644 336 683 autem
378 642 418 683 in
455 640 581 683 altero
621 640 845 694 scriptionis
881 639 996 682 huius
1031 642 1160 694 capite
1190 650 1446 694 quaeramus,
1487 650 1604 693 quam
1635 639 1762 682 bonus
1793 641 1855 682 hic

206 709 307 752 liber
336 711 387 753 sit
415 715 457 753 et
484 714 570 753 uter
599 710 863 764 praestantior
892 710 953 763 sit,
985 709 1047 752 hic
1077 709 1333 752 Treverensis
1363 719 1413 750 an
1445 707 1680 752 Petavianus
1710 708 1752 764 1.‚
1788 710 1854 764 qui

204 788 228 818 a
260 779 452 821 Merkelio
481 778 822 820 emendatissimus
853 780 1023 819 omnium
1052 783 1091 819 et
1111 779 1282 819 familiae
1304 789 1379 819 non
1401 777 1720 830 interpolatorum
1742 780 1854 831 prin-

203 857 300 900 ceps
330 851 370 888 et
399 851 517 900 caput
546 844 742 888 iudicatus
771 849 841 900 est,
875 845 1054 888 nolumus
1084 846 1227 887 imitari
1256 843 1574 888 consuetudinem
1605 855 1754 901 eorum,
1789 847 1855 901 qui

204 916 241 956 in
282 915 505 957 huiusmodi
545 913 842 968 quaestionibus
885 915 1022 968 paucis
1052 914 1217 968 prolatis
1247 914 1383 957 variae
1413 913 1633 967 scripturae
1663 915 1855 970 exemplis

203 984 418 1036 praecipue
447 982 562 1024 bonis
592 987 659 1024 aut
686 984 890 1036 insigniter
910 983 1105 1036 corruptis
1128 981 1320 1035 probasse
1341 980 1416 1024 sibi
1436 981 1711 1037 persuadeant,
1740 987 1855 1036 prout

204 1051 279 1104 ipsi
307 1052 487 1105 sentiunt,
526 1049 670 1093 bonurn
703 1061 794 1093 esse
824 1049 999 1093 codicem
1040 1055 1107 1092 aut
1137 1049 1341 1092 deterioris
1372 1054 1488 1092 notae
1517 1055 1555 1092 et
1584 1055 1854 1105 corruptorum

204 1123 244 1160 et
270 1119 592 1173 interpolatorum
623 1119 794 1174 familiis,
824 1130 925 1173 quas
955 1121 1039 1173 pari
1065 1118 1182 1161 modo
1214 1120 1287 1172 ipsi
1318 1123 1547 1172 statuerunt,
1577 1130 1668 1160 esse
1697 1118 1854 1160 adscri-

204 1185 397 1241 bendum,
440 1199 543 1242 quae
572 1190 673 1230 ratio
705 1188 846 1230 nullius
876 1188 1048 1230 utilitatis
1079 1193 1149 1230 est.
1207 1187 1347 1229 Nullus
1382 1188 1485 1228 enim
1525 1187 1608 1228 fere
1637 1188 1731 1228 tanti
1760 1197 1854 1228 car-

204 1256 319 1297 minis
358 1261 418 1298 est
456 1256 603 1312 codex,
644 1268 666 1298 e
715 1268 793 1311 quo
828 1268 905 1298 non
946 1268 1094 1310 paucas
1132 1256 1259 1298 bonas
1298 1261 1364 1298 aut
1401 1255 1529 1298 malas
1567 1260 1606 1297 et
1644 1255 1855 1309 singularis

205 1323 409 1366 cuiusdam
442 1324 734 1378 depravationis
763 1325 953 1367 lectiones
983 1327 1157 1367 excitare
1188 1336 1325 1379 queas.
1386 1322 1518 1374 Quare
1547 1335 1623 1377 ego
1663 1323 1736 1365 hoc
1766 1323 1853 1365 loco

205 1391 309 1433 viam
339 1402 416 1433 non
447 1391 839 1445 compendiosiorem,
872 1391 943 1434 sed
970 1396 1010 1434 ut
1031 1393 1125 1434 mihi
1147 1393 1303 1447 quidem
1323 1393 1488 1446 videtur,
1513 1392 1711 1446 aliquanto
1731 1393 1853 1433 tutio-

204 1468 289 1500 rem
321 1459 466 1514 delegi‚
506 1471 553 1502 ac
587 1460 753 1513 primurn
785 1471 920 1503 omnes
951 1462 1149 1503 Petaviani
1182 1461 1206 1501 1.
1243 1463 1371 1501 varias
1401 1462 1616 1513 scripturas
1647 1464 1854 1512 excerptas

206 1526 344 1569 ordine
375 1527 591 1582 adscripsi,
621 1534 660 1570 et
689 1528 834 1582 ubique
873 1531 1105 1582 scripturam
1135 1529 1393 1570 'l‘reverensis
1424 1530 1530 1570 iuxta
1565 1531 1603 1569 et
1632 1526 1854 1568 exadverso

204 1597 342 1647 posui:
373 1601 415 1636 ut
444 1597 647 1649 utriusque
677 1597 823 1638 codicis
853 1598 1022 1639 conditio
1052 1603 1101 1651 et,
1137 1604 1221 1639 uter
1252 1598 1381 1650 potior
1410 1601 1448 1638 et
1478 1594 1720 1638 emendatior
1748 1598 1854 1637 esset

206 1664 245 1703 et
273 1660 340 1704 nbi
368 1672 447 1704 uno
478 1668 696 1716 conspectu
724 1664 953 1718 perlustrari
982 1669 1020 1706 et
1050 1666 1221 1719 perspici
1250 1669 1398 1718 posset.

304 1782 481 1834 Codex
512 1784 831 1835 Petaviamcs
864 1785 906 1834 Ι.
1185 1786 1359 1838 Godeoe
1397 1785 1737 1836 Treverensis.

204 1883 239 1937 1,
257 1883 287 1925 3
315 1884 432 1924 uultu
1066 1889 1180 1929 uultu

259 1949 288 1988 5
316 1956 542 1991 auersatus
851 1982 855 1984 ἡ
1063 1954 1332 2008 dedignatus.
1371 1965 1500 2001 mara.
1529 1952 1580 1990 ab
1613 1952 1700 1991 alia
1727 1964 1779 1990 m.
1812 1949 1853 1989 ul

1146 2020 1400 2060 aduersatus

258 2080 288 2122 6
314 2081 412 2124 huic
440 2084 486 2124 in
515 2095 671 2123 rasura
1063 2086 1160 2129 huic

236 2148 288 2188 18
315 2149 430 2189 uultu
1064 2155 1176 2193 uultu

232 2214 288 2255 25
316 2217 482 2257 scilicet
511 2223 555 2258 et
584 2218 652 2257 fas
1063 2221 1203 2262 silicet
1232 2226 1277 2258 ut
1305 2216 1373 2258 fas

231 2281 287 2322 26
314 2283 495 2336 aspicito
525 2288 568 2323 et
598 2283 700 2322 felix
1064 2285 1253 2338 auspicio
1283 2284 1386 2324 felix

230 2347 288 2387 46
315 2347 445 2388 officii
1064 2352 1248 2393 officium

232 2412 288 2453 48
316 2409 441 2468 quem
472 2414 559 2455 iure
1065 2431 1187 2473 quem
1218 2417 1316 2471 lege

231 2478 287 2520 60
315 2480 393 2520 sub
425 2492 579 2521 auerso
1063 2485 1141 2526 sub
1173 2483 1352 2523 aduerso

231 2547 287 2588 64
315 2560 409 2588 meo
439 2549 615 2600 primum
1065 2564 1158 2592 meo
1189 2551 1344 2604 primus

233 2612 289 2651 76
317 2613 463 2652 cilissa
1065 2619 1239 2658 falesca.
1268 2629 1399 2665 mary.
1429 2616 1574 2656 silisca

232 2676 289 2719 83
316 2678 506 2719 ferienda
536 2679 675 2720 securi
1066 2682 1254 2723 ferienda
1285 2680 1448 2722 iuuenci

233 2743 289 2784 85
316 2756 395 2785 sua
424 2750 554 2785 totum
586 2757 680 2786 cum
712 2751 881 2800 spectet
1064 2761 1143 2789 sua
1175 2754 1305 2788 totum
1335 2760 1429 2787 cum
1459 2750 1630 2800 spectat

232 2809 289 2848 8⁴7
316 2810 437 2850 salue
467 2812 578 2851 laeta
608 2810 702 2851 dies
1064 2815 1184 2855 salue
1217 2815 1328 2854 festa
1359 2813 1451 2853 dies

232 2875 288 2916 89
318 2889 419 2916 esse
450 2876 557 2918 diem
587 2891 639 2920 m.
668 2878 708 2920 1.
1065 2894 1164 2922 esse
1197 2878 1320 2921 deum

233 2940 289 2982 95
317 2947 418 2983 tuuc
1065 2952 1164 2987 tunc

209 3008 291 3050 loo
317 3022 456 3063 aquae
484 3010 563 3049 sub
592 3024 677 3050 ras.
707 3011 788 3052 al.
806 3025 857 3051 m,
889 3023 998 3063 aqua
1065 3026 1174 3067 aqua
1204 3018 1247 3053 et
1276 3012 1400 3053 tellus

316 3076 442 3118 tellus
470 3089 498 3116 a
524 3089 576 3116 m.
604 3078 647 3120 2.
