2119 3488
958 151 1240 201 ...52-

388 277 564 328 codex
603 277 946 326 Trevermeis.
1207 275 1383 326 Codex
1419 234 1760 325 Monacensis.
1778 276 1853 325 II.

264 363 317 415 ΙΙ,
345 362 429 403 789
457 373 680 413 sompnum
1128 372 1349 413 sompnum

263 428 342 466 791
376 433 524 466 aurata
545 450 598 456 -—
1129 432 1317 465 auratam
1347 440 1398 463 m.
1415 426 1455 466 1.
1476 448 1521 453 —

376 494 528 534 liberat
1129 494 1279 533 liberat

264 559 347 598 793
377 559 539 597 thorum
578 581 623 585 —
1129 559 1291 598 thorum
1325 578 1375 586 —

375 625 561 666 lucrecia
1127 619 1151 663 2

262 690 346 731 795
375 690 501 731 nichil
1128 689 1252 730 nichil

262 757 346 798 799
375 757 507 798 faciat
1130 758 1273 808 faciet,
1304 768 1356 796 m.
1384 753 1425 794 1.

263 825 348 866 800
378 830 496 864 uetat
1129 830 1245 864 uetat

263 891 343 932 801
378 893 580 944 urgentur
1129 895 1331 944 urguetur

262 958 347 998 803
375 956 602 1010 precioque
1128 956 1384 1010 praecioque

262 1023 346 1064 804
376 1034 456 1062 nec
485 1032 613 1074 prece
645 1041 695 1047 —
1129 1034 1209 1062 nec
1230 1032 1386 1074 praece
1408 1040 1456 1048 --

374 1101 455 1129 nec
485 1092 629 1126 mouet
1128 1101 1210 1127 nec
1239 1088 1354 1126 ualet

262 1154 346 1196 805
375 1154 440 1194 his
469 1164 591 1206 ages.
621 1165 728 1193 corr.
758 1151 812 1190 nil
843 1152 941 1204 agis
971 1173 1023 1181 —

374 1234 431 1262 er.
461 1218 563 1259 dixit
595 1231 670 1271 per
700 1218 814 1260 crim.
844 1219 971 1258 uitam
1129 1234 1186 1263 er.
1216 1220 1342 1260 uitam
1373 1231 1447 1272 per
1477 1218 1591 1259 crim.
1621 1215 1724 1256 dixit

262 1287 342 1327 811
376 1286 470 1330 dies
499 1287 662 1338 sparsis
1129 1287 1220 1326 dies
1250 1286 1413 1338 sparsis

263 1352 347 1393 816
377 1352 583 1406 exequias
616 1374 662 1379 —-
1128 1351 1357 1405 exsequias
1386 1374 1439 1379 —

375 1432 541 1473 quoque
572 1418 627 1458 sit
659 1439 708 1446 —
1128 1433 1209 1473 quo
1239 1420 1294 1459 sit
1323 1440 1376 1447 —

374 1487 460 1527 icta
489 1486 598 1526 malo
1128 1487 1212 1527 icta
1242 1484 1365 1525 modo

263 1553 341 1594 821
376 1560 438 1594 ter
469 1552 629 1592 destitit
1128 1558 1190 1590 ter
1220 1552 1372 1591 restitit

263 1619 346 1660 822
374 1619 521 1661 oculos
551 1617 647 1658 ideo
677 1617 846 1658 sustulit
1129 1617 1274 1657 oculos
1304 1615 1356 1656 ad
1388 1627 1465 1655 eos
1496 1613 1666 1655 sustulit

263 1684 349 1727 823
378 1685 459 1725 hec
1128 1685 1224 1737 hec,
1256 1684 1335 1722 sub
1365 1695 1450 1722 ras.

264 1751 347 1791 829
377 1752 467 1791 fixit
1130 1749 1233 1790 fodit

268 1815 347 1857 831
381 1829 434 1856 ne
463 1828 546 1857 non
1130 1831 1209 1858 nec
1239 1831 1336 1871 non,
1366 1830 1418 1857 m.
1447 1815 1487 1856 1.

268 1880 352 1922 833
381 1881 563 1936 dampna
1130 1883 1311 1937 dampna

268 1946 352 1988 836
378 1949 555 1992 semian.
584 1964 760 2003 corpore
1130 1951 1304 1992 semian.
1333 1955 1506 2002 pectore

268 2013 352 2054 838
379 2015 615 2068 impauidos
1131 2016 1350 2070 inpauidos

268 2079 352 2121 839
378 2095 539 2135 perque
569 2083 640 2123 tibi
671 2083 783 2123 hunc
1130 2097 1204 2136 per
1233 2083 1303 2123 tibi
1334 2083 1445 2122 hunc

268 2146 344 2186 841
379 2160 514 2199 penas
545 2162 638 2189 cum
669 2150 830 2202 strippe
1130 2162 1263 2202 penas
1294 2162 1387 2189 cum
1418 2148 1534 2201 prole

268 2213 353 2253 846
382 2214 663 2268 inuidiamque
693 2216 819 2256 trahit
1131 2216 1335 2255 inuidiosa
1365 2215 1491 2254 trahit

268 2279 352 2320 850
379 2280 447 2320 illa
477 2293 673 2334 suprema
1129 2281 1198 2320 illa
1226 2293 1404 2335 summa,
1437 2294 1462 2319 a
1491 2280 1530 2322 1.
1558 2293 1610 2322 m.

268 2345 351 2385 852
380 2347 517 2388 hiems
979 2336 982 2337 ⁷
1130 2346 1309 2400 hyemps

269 2411 352 2453 853
380 2425 542 2467 progne
1129 2426 1290 2468 progne

268 2479 351 2520 858
378 2481 582 2534 prospicit
1130 2480 1330 2534 perspicit

268 2546 352 2586 859
380 2547 559 2600 gradiue
1129 2546 1306 2600 grauide

269 2613 352 2653 862
381 2614 462 2654 iam
493 2613 581 2667 tibi,
620 2626 831 2666 superscr.
868 2614 908 2654 ul
938 2615 1062 2655 michi
1130 2614 1211 2654 iam
1242 2625 1338 2654 mea

272 2745 345 2798 111,
379 2745 398 2784 1
432 2745 568 2799 clipeo
1130 2746 1265 2799 clipeo

324 2812 352 2852 5
380 2813 572 2854 manibus
601 2813 748 2868 peragi
1131 2812 1278 2866 peragi
1308 2811 1500 2852 manibus

324 2879 353 2919 6
381 2892 463 2920 nec
491 2880 629 2920 minus
1130 2892 1210 2920 nec
1238 2879 1391 2928 minus,
1430 2892 1484 2921 m.
1511 2879 1581 2930 2.,·
1619 2891 1646 2917 α
1682 2878 1724 2920 1.
1751 2890 1802 2920 m.
1836 2889 1919 2920 non

1239 2957 1375 2986 munus

326 3011 353 3052 7
383 3017 509 3066 temp.
537 3024 658 3053 sume
1130 3020 1255 3066 temp.
1285 3023 1464 3062 summe,
1495 3011 1575 3052 sub
1603 3025 1691 3054 rae.
