2086 3454
824 193 1103 241 ...21-

139 325 218 357 res.
248 327 350 357 corr.
385 328 413 358 a
441 328 520 359 rec.
550 329 602 358 m.
632 317 751 359 heres
779 340 832 346 —
864 316 947 360 642
977 316 1095 360 iudex
1124 340 1178 347 —
1209 315 1293 359 645
1323 316 1590 370 quinquatrus,
1621 326 1649 357 α
1674 326 1778 357 corr.

140 382 223 425 646
252 383 327 425 huc
356 383 454 426 ades
484 396 509 425 o
538 387 662 438 ceptis
697 409 746 415 -
778 384 863 426 650
893 396 1021 438 posse
1045 385 1162 426 uelim
1194 383 1308 426 docte
1338 408 1391 415 -
1427 382 1508 425 651
1542 394 1638 425 usus
1667 394 1783 425 amo-

140 462 224 493 rum
256 476 306 482 -—
337 450 418 495 655
440 456 615 495 secutum
638 457 700 494 est
731 477 781 484 —
812 451 893 495 661
926 450 1055 495 subito
1076 457 1190 506 grate
1219 474 1272 481 —
1304 449 1389 494 662
1416 450 1531 492 nenia
1560 474 1610 481 -
1641 449 1785 493 choros

143 543 195 550 —
226 519 308 563 663
338 531 480 563 seruus
509 525 593 562 crat
638 544 689 552 -
733 520 819 563 668
848 521 1014 563 nuncius
1060 546 1109 552 —
1156 519 1239 563 669
1270 519 1461 562 conuiuas
1496 541 1548 547 —
1594 517 1678 561 670
1706 519 1784 560 iam

142 588 249 630 uenit
276 588 343 630 illa
372 600 446 630 sua
477 613 528 620 —
559 588 637 630 671
672 587 883 630 titubancia
912 613 966 619 —
995 587 1080 630 672
1110 591 1294 641 stantque
1313 589 1560 640 monentque.
1584 596 1784 639 superscr.

140 653 352 708 labantque
399 679 450 686 —
496 654 579 697 674
609 658 764 709 scirpea
811 680 861 687 —
906 643 989 698 676
1021 659 1178 709 totaque
1208 666 1254 697 se
1284 654 1416 696 thibur
1461 678 1512 684 -—
1542 653 1626 695 678
1656 653 1785 695 thoro.

140 732 242 763 corr.
273 722 358 763 toro
398 744 452 751 —
492 721 575 764 679
616 722 805 764 candidus
838 747 888 754 —
928 726 1090 765 senatus
1133 747 1183 753 —
1223 721 1302 764 681
1337 727 1376 763 et
1404 721 1572 763 miscent
1598 720 1700 762 alios
1732 745 1782 751 -

140 791 266 830 cotum
297 813 350 820 —
382 787 468 830 684
495 788 625 830 redire
658 814 708 821 -
740 789 824 832 686
854 795 894 832 et
921 788 1064 832 canere
1094 795 1133 832 ct
1163 794 1319 832 ueteres
1362 813 1412 820 -
1455 788 1539 831 687
1569 788 1716 841 dicere,
1744 791 1787 830 ut

138 866 259 908 saepe
285 867 359 910 pro
389 855 542 899 discere
584 882 633 888 —
675 856 759 900 688
790 858 1034 912 quinquatris
1079 883 1129 889 —
1171 856 1254 901 689
1283 856 1419 912 inquid
1450 855 1571 899 habet
1607 881 1657 886 -
1701 854 1784 898 695

139 923 278 966 ualeas
306 925 401 966 mihi
433 950 482 956 ——
514 924 598 967 696
629 927 773 979 excipit
793 928 956 969 eiectam
988 951 1038 958 —
1069 926 1153 970 697
1176 927 1322 969 satirus
1345 952 1395 959 —
1417 926 1580 969 miratur
1600 925 1640 967 in
1660 934 1785 979 usum,

139 993 210 1035 sed
237 1005 341 1036 corr.
371 998 410 1036 et
439 1006 551 1037 usum
584 1021 632 1026 —
664 994 749 1038 698
779 997 905 1038 nescit
933 1001 969 1038 et
1001 995 1169 1039 efflatam
1200 997 1316 1039 sentit
1348 1021 1398 1027 —
1439 995 1522 1039 699
1553 994 1699 1048 digitos
1731 1016 1781 1024 ——

141 1061 225 1104 700
253 1062 433 1116 nimphas
463 1085 515 1091 -—
559 1063 637 1104 701
672 1063 845 1117 phebum
876 1064 966 1106 febo
1009 1089 1059 1095 —
1102 1064 1182 1106 705
1213 1066 1336 1106 tercia
1364 1075 1443 1105 nox
1471 1063 1628 1105 dodona
1656 1061 1784 1103 Dione

141 1128 223 1170 709
252 1130 423 1183 zephiris
455 1155 504 1160 ——
539 1130 617 1171 711
653 1132 825 1173 eliadum
872 1155 924 1161 —
968 1132 1050 1174 712
1081 1137 1121 1173 et
1149 1133 1282 1185 tinget.
1312 1144 1392 1173 rec.
1422 1144 1474 1173 m.
1507 1131 1786 1183 superscripsit

140 1196 348 1252 continget.
377 1201 467 1252 post
509 1197 574 1240 711
601 1201 738 1242 inserti
766 1203 858 1243 sunt
886 1211 963 1243 oss.
994 1202 1062 1255 qui
1090 1203 1182 1242 sunt
1209 1199 1248 1251 3,
1279 1199 1371 1241 401.
1400 1199 1498 1242 402.
1540 1201 1582 1241 in
1611 1210 1647 1240 o.
1678 1196 1782 1237 402.

140 1269 207 1306 ant
234 1269 353 1318 certe,
382 1267 453 1306 sed
481 1278 584 1307 corr.
615 1278 640 1307 a
669 1272 799 1309 uento.
834 1293 883 1298 -
916 1268 997 1310 713
1029 1269 1139 1309 hirea
1171 1294 1221 1299 —
1259 1268 1340 1309 715
1372 1268 1521 1308 uolcos.
1551 1267 1629 1307 vid.
1658 1276 1785 1317 supra

140 1334 195 1374 ad
222 1346 258 1374 v.
291 1333 378 1375 687
406 1359 458 1365 -
492 1334 573 1375 717
605 1334 747 1376 tiburte
777 1359 830 1365 —
862 1334 944 1378 718
973 1337 1012 1377 in
1042 1336 1170 1378 niueis
1200 1340 1289 1389 post
1319 1334 1435 1378 modo
1468 1359 1518 1366 —
1552 1332 1634 1375 722
1665 1331 1781 1387 cepit.

139 1406 341 1445 auentura.
374 1414 478 1445 corr.
510 1404 692 1446 auentina
725 1429 773 1435 —
807 1403 890 1447 724
921 1409 957 1447 ct
987 1415 1011 1446 a
1041 1405 1163 1458 pratis
1193 1409 1276 1447 orta
1307 1404 1446 1465 pruina
1479 1428 1527 1433 -
1566 1400 1648 1445 726
1679 1402 1784 1455 pirre

143 1516 191 1522 -
216 1490 297 1534 727
327 1492 466 1546 patriis
495 1494 598 1547 pirre
627 1503 758 1546 recep,
788 1505 890 1535 corr.
919 1494 1076 1547 galatea
1106 1519 1158 1525 —
1191 1492 1274 1536 728
1304 1499 1389 1535 erat
1420 1517 1469 1524 —
1505 1492 1586 1535 729
1618 1492 1784 1534 flammis

140 1559 294 1601 afflatus
327 1584 376 1590 —
411 1560 488 1602 731
523 1561 673 1614 phedre
703 1584 756 1589 —
788 1561 873 1603 734
901 1573 1080 1615 saxaque
1106 1562 1203 1603 dura
1237 1587 1286 1593 —
1319 1562 1401 1604 735
1430 1560 1645 1603 maioribus
1677 1572 1781 1602 corr.

139 1628 380 1670 morantibus
409 1651 462 1657 —
496 1628 577 1671 736
607 1629 765 1681 ipolitus
798 1654 848 1660 -
881 1629 962 1671 739
983 1630 1146 1671 uulnere
1169 1655 1217 1661 —
1242 1629 1323 1672 743
1347 1629 1552 1672 descendit
1572 1629 1613 1670 in
1636 1627 1783 1671 herbas

143 1721 192 1727 —
226 1695 310 1738 744
339 1696 480 1750 anguis
510 1695 560 1738 ab
590 1707 719 1750 angue
751 1721 801 1727 —
832 1695 913 1738 745
944 1696 1083 1750 capud.
1113 1699 1172 1739 sic
1201 1699 1242 1739 in
1270 1697 1421 1739 duobus
1439 1697 1722 1750 posterioribus
1740 1697 1781 1738 Il.

140 1769 380 1807 constanter.
414 1789 464 1794 —
496 1764 578 1806 747
601 1764 770 1806 dictinua
802 1790 851 1795 -
885 1764 968 1807 749
987 1770 1028 1806 at
1047 1765 1220 1808 lachesis
1241 1765 1423 1819 clotoque
1453 1790 1506 1795 ——
1538 1764 1616 1807 751
1641 1765 1783 1819 iupiter

143 1858 191 1864 -—
226 1832 308 1875 752
338 1832 495 1875 flumina
524 1837 689 1875 nouerat
721 1856 772 1864 —
805 1831 885 1876 753
915 1832 1047 1887 phebe
1076 1856 1128 1862 ——
1161 1833 1244 1876 757
1274 1834 1516 1875 flammineus
1535 1837 1784 1875 transmena-

138 1913 215 1956 que
246 1902 360 1944 litora
406 1924 460 1931 -
506 1899 589 1943 758
619 1901 739 1943 multa
768 1912 927 1943 mouere
970 1924 1023 1930 —
1069 1901 1151 1944 759
1182 1902 1218 1943 si
1247 1903 1379 1955 queris
1409 1901 1555 1942 ueteris
1603 1924 1652 1931 —
1700 1898 1784 1942 760

138 1970 294 2023 quintus
340 1994 388 1999 —
432 1968 509 2011 761
542 1970 775 2011 massinissa
804 1970 1004 2022 siphacem
1044 1995 1097 2000 —
1129 1969 1212 2012 762
1242 1971 1357 2011 terris
1387 1968 1588 2012 hastrubal
1620 1993 1670 2000 -
1699 1966 1783 2009 768

138 2036 299 2079 thiberis
328 2060 382 2066 —-
414 2035 495 2078 769
518 2035 724 2079 discurrite
745 2036 874 2079 cimba
896 2062 946 2069 —
970 2036 1052 2080 773
1073 2037 1279 2119 quitcoluit
1308 2062 1357 2068 —
1381 2036 1463 2080 776
1485 2035 1656 2092 dubiam,
1675 2047 1780 2079 corr.

138 2125 255 2169 dubie
278 2152 325 2158 -
351 2125 433 2169 779
455 2124 615 2169 latebat.
637 2138 738 2170 corr.
758 2125 825 2170 bit.
864 2151 913 2157 —
945 2125 1023 2171 781
1048 2138 1161 2171 esses
1194 2153 1243 2160 —
1277 2127 1359 2171 782
1379 2126 1594 2170 solsticiale
1622 2151 1671 2157 —
1699 2125 1781 2168 785

137 2195 295 2237 statoris
317 2196 389 2236 erit
419 2217 471 2223 -
503 2193 585 2237 786
615 2195 802 2249 palentini
834 2219 885 2225 -—
918 2195 999 2238 789
1027 2196 1156 2248 yuleis
1190 2221 1238 2227 -—
1273 2196 1350 2237 791
1375 2195 1586 2237 adduxerit
1616 2218 1665 2224 —-
1698 2193 1782 2234 792

137 2263 305 2305 inuictus
339 2289 387 2294 -
421 2263 502 2305 795
534 2264 662 2306 ancho
695 2289 745 2296 —-
777 2265 923 2307 marcia
953 2290 1004 2296 ——
1035 2263 1115 2307 801
1154 2267 1284 2308 iuncta
1317 2290 1368 2299 -
1399 2264 1483 2308 802
1517 2274 1634 2307 sacro
1664 2261 1782 2317 digna

137 2331 222 2373 uiro
254 2355 304 2362 -
337 2329 421 2374 804
449 2330 534 2373 lira.

444 2398 500 2438 Ab
527 2399 668 2439 eadem
696 2410 820 2440 manu
848 2402 890 2440 in
917 2399 995 2452 fine
1024 2401 1114 2442 libri
1144 2401 1244 2444 haec
1271 2403 1422 2455 scripta
1451 2401 1654 2453 leyuntur:

335 2464 501 2519 Explicit
531 2465 687 2508 ovidius
718 2466 768 2508 de
797 2467 910 2509 fastis

337 2531 441 2575 Laus
471 2532 538 2575 tibi
567 2535 618 2576 sit
646 2534 793 2576 christe
823 2536 915 2589 quia
944 2534 1041 2577 liber
1071 2536 1231 2590 explicit
1258 2538 1346 2580 iste.

627 2601 659 2643 A
688 2605 898 2645 recentiori
926 2615 1049 2645 manu
1079 2605 1283 2647 additum:

336 2667 455 2712 Liber
483 2670 611 2712 sancti
643 2669 869 2713 Godehardi
899 2671 1077 2726 episcopi
1107 2672 1145 2714 in
1174 2672 1462 2717 Hildcncshem.

338 2738 381 2778 Si
410 2738 500 2790 quis
530 2738 759 2780 alienauerit
789 2740 994 2782 anathema
1023 2741 1085 2782 sit.
1128 2741 1268 2783 Amen.

336 2805 461 2849 Finito
491 2806 590 2849 libro
620 2806 732 2850 detur
761 2806 864 2850 bona
894 2819 1015 2851 vacca
1044 2810 1244 2864 magistro.
