2119 3488
403 322 578 373 Codex
608 325 925 375 Petavo'anus
958 326 1000 374 Ι.

303 405 388 446 666
415 420 499 446 una
527 408 711 449 iuuenca

303 472 388 512 675
417 485 513 512 cum
542 473 717 526 primum

303 537 386 577 677
415 544 589 590 quartus
620 540 693 579 tibi

303 602 384 643 681
416 603 541 645 uictis

303 668 388 709 686
416 669 539 710 obuia

304 800 387 842 688
417 800 578 857 demps.
607 810 652 844 et
680 805 841 845 meritis
871 828 920 834 —

415 870 571 923 pybus,
602 874 706 910 teste
736 870 872 912 Gron.

303 935 387 975 695
415 935 497 976 hoc
525 934 649 976 modo

303 1001 387 1041 697
415 1007 460 1040 at
489 1001 645 1042 uirides
676 1025 723 1032 —

416 1068 591 1120 colligat

303 1131 388 1173 699
417 1130 529 1174 tedis

303 1197 387 1239 703
417 1199 596 1251 uulpem,
628 1199 711 1240 710
732 1201 900 1253 uulpem

303 1265 382 1305 711
415 1278 525 1319 gens
554 1266 665 1306 haec

303 1330 388 1372 715
417 1331 486 1384 qui
514 1330 666 1385 prodiit

304 1456 384 1504 ’721
416 1464 565 1517 parilia

304 1529 384 1570 731
417 1530 596 1583 populos

304 1596 388 1636 735
415 1597 549 1636 lustra

304 1662 388 1704 737
417 1661 669 1703 decorantur

304 1727 388 1768 743
416 1734 619 1780 sequetur

305 1792 388 1833 745
417 1793 457 1833 in
484 1799 703 1846 utramque

417 1991 600 2032 resectis

305 2060 389 2101 746
416 2060 556 2113 palem

305 2127 388 2168 748
418 2113 546 2178 effug.
579 2124 732 2164 tabulis

304 2192 388 2233 752
416 2191 740 2244 semicaperque

304 2259 388 2300 758
415 2257 579 2312 uirgula

304 2325 384 2365 761
416 2324 498 2365 uid.
530 2324 610 2362 liba

304 2390 388 2432 765
416 2391 572 2432 multos

305 2458 388 2499 773
416 2456 637 2511 proueniet

304 2525 388 2566 779
417 2524 514 2565 dum

304 2591 388 2633 786
416 2591 507 2631 ouis

304 2659 388 2698 788
416 2656 528 2697 unda
558 2656 667 2696 deae

304 2724 389 2765 789
417 2729 564 2777 patres
593 2727 811 2776 artumque

305 2790 388 2830 792
416 2796 536 2842 putat

306 2857 383 2897 801
417 2857 527 2896 hunc
558 2862 715 2909 tamen,
746 2860 850 2894 teste
876 2855 1026 2895 Heius.

419 2935 530 2964 nunc
561 2928 718 2976 tamen,
748 2926 851 2962 leste
881 2921 1016 2964 Gron.

306 2988 391 3028 803
419 3001 509 3042 agr.
540 2990 665 3041 ignes

305 3055 390 3096 810
419 3055 571 3108 uolgus

1287 321 1463 373 Codex
1501 321 1840 372 Treverensis.

1167 420 1249 446 una
1277 407 1456 446 iuuenca

1167 479 1251 512 tum
1281 473 1456 525 primum

1166 544 1339 592 quartus
1368 539 1435 579 ubi

1166 605 1320 646 uinctis

1167 671 1313 724 obuia,
1371 672 1449 710 sed
1488 671 1540 709 ab
1578 672 1720 710 eadem
1755 684 1806 713 m.
1849 683 1955 710 corr.

1275 736 1446 778 humida

1166 803 1328 857 demps.
1360 804 1546 845 emeritis
1577 828 1627 834 -

1164 871 1329 922 phebus

1164 937 1246 976 hec
1275 935 1398 976 modo

1165 1008 1238 1041 aut
1266 1000 1423 1041 uirides
1452 1024 1504 1031 —

1166 1069 1325 1121 colligit

1167 1134 1263 1175 telis

1167 1202 1335 1253 uulpem

1166 1280 1276 1321 gens
1306 1265 1402 1318 hec,
1434 1279 1541 1307 corr.
1570 1277 1708 1319 genus
1737 1265 1819 1306 hoc

1166 1333 1235 1385 qui
1265 1330 1454 1385 prodidit.
1495 1344 1601 1374 corr.
1636 1334 1847 1382 corriyere
1873 1345 1955 1372 uo-

1277 1399 1359 1438 luit
1386 1399 1566 1451 perdidit

1166 1463 1304 1517 palilia

1165 1529 1344 1583 populus

1166 1597 1313 1649 lustras
1345 1610 1371 1634 a
1395 1609 1476 1636 rec.
1500 1609 1551 1638 m.
1573 1608 1783 1646 superscr.
1806 1598 1956 1638 lustrat

1168 1660 1419 1701 decorentur

1166 1733 1367 1780 sequetur

1166 1792 1442 1846 multi-amque

1167 1862 1374 1898 recentior
1424 1865 1465 1898 et
1508 1862 1679 1900 sordida
1720 1873 1873 1900 marcus
1914 1859 1955 1898 in

1277 1932 1499 1979 utrumque
1525 1952 1576 1957 —-

1167 1993 1365 2046 resectis,
1397 2004 1424 2030 a
1452 1992 1493 2034 1.
1520 2006 1571 2035 m.
1600 1993 1776 2034 refectis

1167 2061 1303 2114 palem

1168 2126 1296 2180 effug.
1325 2125 1500 2167 stabulis

1167 2195 1488 2245 semicaperque

1166 2260 1323 2314 ungula

1167 2326 1248 2367 uid.
1279 2325 1394 2365 labra

1168 2392 1320 2433 multos

1168 2459 1384 2512 perueniat

1169 2532 1265 2567 tum.
1295 2539 1320 2564 a
1349 2537 1455 2566 corr.
1486 2523 1525 2565 1.
1552 2537 1603 2566 m.
1632 2537 1724 2565 sum

1169 2604 1274 2631 oues

1169 2657 1278 2697 unda
1307 2657 1374 2696 dei

1168 2729 1311 2776 patres
1341 2727 1567 2775 aptumque

1168 2796 1268 2842 puta

1169 2857 1249 2897 hoc
1279 2862 1418 2896 tamen

1170 3002 1260 3043 agr.
1290 2990 1413 3042 ignes

1170 3056 1323 3109 uulgus
