2119 3440
1048 115 1327 169 ‚72-

479 238 655 290 Codex
693 238 1034 290 Treveri-emis,

359 324 433 377 m,
464 323 701 364 '726uocet

358 387 441 430 730
468 389 681 443 primicias
710 413 763 420 —
793 390 1041 444 seposuisse

356 456 440 498 733
467 458 653 498 auctoris
682 456 852 499 ductum
881 458 949 501 lib.

356 522 439 563 734
467 524 606 564 sacris

354 590 438 631 735
466 591 611 631 succis
640 592 737 644 quia

353 656 437 698 737
464 656 594 698 hebro

352 723 436 763 739
464 724 631 777 iamque
662 729 753 763 erat
789 746 841 752 —-
877 723 1062 776 rodopen
1095 747 1142 752 -—

462 791 632 831 flumina

349 855 437 898 740
462 869 750 911 concrepuere

349 922 427 962 741
462 937 570 963 noue
626 923 629 925 “

347 988 431 1029 742
459 997 661 1031 secuntur
689 1014 742 1020 —
773 1003 878 1043 apes

346 1056 429 1095 745
458 1057 495 1099 l.
512 1088 521 1099 .
537 1088 547 1099 .
565 1070 671 1111 sque
700 1070 837 1097 senex

346 1121 428 1162 747
458 1123 498 1162 in
529 1136 714 1164 excessa

345 1187 423 1228 751
459 1195 595 1229 const.
625 1190 719 1242 ipse

344 1254 427 1295 752
455 1254 580 1294 auide
611 1262 759 1295 trunco

343 1319 426 1361 753
455 1321 567 1362 milia
598 1321 844 1362 crabronum

343 1386 425 1425 754
455 1400 614 1441 oraque
644 1388 775 1440 prima

342 1451 426 1493 757
454 1454 589 1507 satyri

341 1517 424 1558 763
452 1525 624 1570 presset

341 1583 424 1623 764
453 1591 597 1638 tyrsos

339 1649 423 1690 765
452 1662 560 1691 anus
589 1651 671 1692 hoc

339 1715 422 1756 766
451 1716 533 1756 hec
563 1724 654 1758 erat

338 1780 421 1823 767
450 1782 610 1824 hedera
632 1807 684 1814 —
709 1783 867 1825 hedera
895 1810 945 1815 -—
973 1791 1039 1825 est
1055 1786 1134 1826 he·-

453 1848 554 1890 dera
584 1855 651 1890 est
679 1873 732 1879 —
762 1851 869 1891 baco

341 1915 424 1955 769
452 1917 640 1957 nisiadas
670 1941 720 1947 —-
753 1919 945 1970 nimphas

339 1982 423 2023 770
450 1984 704 2036 opposuisse
734 2033 736 2037 .

338 2049 422 2089 772
451 2051 546 2091 luce
576 2051 678 2092 feris
707 2052 850 2104 pueris
882 2075 930 2081 —-

448 2170 586 2211 bache
616 2195 667 2200 —
699 2177 770 2211 tua

336 2236 418 2277 779
446 2250 500 2277 an
530 2239 627 2291 quia

334 2369 417 2409 784
444 2369 521 2410 sed
554 2370 618 2410 dis
653 2393 699 2399 —
731 2371 863 2410 honor

332 2434 415 2474 789
444 2435 544 2475 mite
574 2459 626 2464 —
656 2441 777 2488 pater
807 2443 934 2490 caput

332 2499 415 2540 790
444 2507 485 2539 et
516 2500 594 2540 des

331 2566 414 2606 792
442 2567 524 2607 hac
553 2567 664 2607 sicut
693 2568 857 2607 memini

331 2630 414 2673 793
441 2633 590 2675 licaon.
619 2655 672 2661 —-
701 2631 877 2673 decliuis
901 2656 952 2663 -
976 2641 1122 2676 arcton

329 2697 412 2737 794
439 2700 605 2738 miluius
635 2722 685 2728 —
716 2701 798 2739 hec
828 2702 895 2740 illa

329 2762 411 2804 795
440 2765 509 2818 qui
539 2765 632 2810 ded,

328 2830 411 2871 796
439 2844 465 2871 a
496 2833 592 2872 ioue

325 2897 410 2938 802
438 2911 658 2952 parcarum

325 2962 409 3003 805
438 2964 622 3005 immolat
652 2965 762 3006 hunc

1290 231 1475 292 *Codex
1507 239 1834 291 Monacensis
1867 242 1941 293 ΙΙ.

1221 331 1362 378 uocat,
1392 338 1444 364 m.
1476 325 1512 363 1.

1220 391 1430 445 primicias
1458 414 1512 422 —
1540 391 1822 445 supposuisse

1219 459 1377 499 autoris
1406 458 1516 500 duco
1547 459 1630 514 lib„
1659 472 1711 501 m.
1739 459 1780 502 1.

1217 526 1382 565 sancfis

1216 592 1360 632 succis
1390 603 1557 644 quoque

1216 657 1316 698 ebro

1215 729 1306 763 erat
1335 725 1460 764 omitt.
1491 721 1531 764 1.
1557 734 1609 762 m.
1639 744 1694 751 -—
1722 721 1922 776 rodopem
1959 747 2000 752 -

1325 788 1495 829 flumina

1214 868 1308 897 cum
1341 868 1545 910 crepuere

1213 935 1322 961 none

1211 994 1414 1042 sequntur
1442 1011 1496 1018 ——
1525 999 1652 1040 apex,
1682 987 1723 1029 1.
1752 1001 1804 1030 m.
1862 980 1867 986 ⁸

1210 1055 1402 1107 lenisque
1429 1067 1565 1094 senex

1209 1120 1250 1160 in
1280 1120 1453 1161 excelsa

1210 1192 1346 1228 const.
1378 1186 1446 1225 ille

1209 1252 1332 1292 auide
1363 1253 1403 1291 iu
1432 1258 1580 1292 trunco

1208 1318 1319 1359 milia
1349 1350 1358 1361 .
1375 1350 1384 1361 .
1400 1331 1425 1359 c
1454 1319 1604 1358 bonum

1207 1397 1364 1436 oraque
1394 1386 1525 1437 prima

1205 1451 1325 1492 satiri

1203 1516 1389 1568 praessit

1204 1582 1306 1621 tirso

1202 1660 1311 1688 anus
1339 1648 1422 1689 hec

1202 1713 1284 1753 hec
1313 1720 1404 1754 erat

1205 1779 1349 1833 edera,
1375 1783 1511 1831 primo
1534 1786 1698 1824 tantum
1722 1785 1812 1825 loco
1842 1808 1894 1815 -
1923 1791 1992 1826 est

1307 1848 1442 1898 primo
1458 1847 1548 1888 loco
1564 1853 1762 1890 omissum
1782 1873 1833 1880 —
1853 1850 1989 1892 bacho

1201 1913 1280 1952 n1si
1310 1912 1447 1953 addas
1480 1937 1524 1943 ——-
1559 1917 1751 1970 nimphas

1200 1979 1456 2031 opposuisse

1198 2046 1292 2085 luce
1307 2047 1398 2099 geri
1414 2048 1571 2101 pueris,
1596 2061 1648 2089 m.
1662 2048 1701 2091 2.
1730 2072 1785 2083 —-
1807 2048 1987 2091 *lucifero

1307 2113 1466 2167 pueris,
1496 2128 1548 2156 m.
1575 2115 1617 2157 1.

1196 2178 1334 2218 bache
1367 2201 1418 2208 —
1448 2184 1535 2233 tuo,
1564 2194 1617 2222 m.
1648 2182 1689 2222 1.

1196 2257 1249 2284 an
1278 2259 1447 2286 erasum
1475 2249 1646 2288 uidetur
1685 2274 1736 2279 —
1774 2257 1847 2289 aut
1889 2252 1984 2302 quia

1304 2325 1340 2354 v.
1369 2325 1451 2354 scr.

1193 2376 1270 2415 sed
1302 2377 1381 2417 diis
1410 2402 1463 2409 —
1492 2379 1623 2418 honor

1193 2442 1310 2483 mitte
1338 2466 1391 2473 ——
1422 2449 1549 2496 caput
1578 2450 1699 2497 pater

1193 2513 1236 2546 et
1266 2507 1373 2561 dies,
1403 2522 1455 2550 m.
1483 2510 1525 2551 1.

1191 2573 1273 2613 hac
1302 2575 1412 2614 sicut
1441 2563 1606 2616 md‘mini

1192 2638 1368 2681 lichaon,
1400 2662 1450 2668 —-
1481 2640 1659 2683 declinis
1688 2668 1742 2672 —
1771 2649 1890 2685 arton

1190 2706 1355 2744 miluius
1386 2729 1435 2735 —
1466 2708 1549 2772 hac
1579 2710 1645 2747 ina

1190 2783 1215 2811 a
1245 2783 1339 2812 ioue
1424 2803 1458 2827 .ae

1189 2838 1280 2889 quis
1311 2837 1420 2892 ded„
1451 2852 1488 2882 v.
1516 2853 1550 2882 ε.

1186 2904 1436 2957 parcharum

1186 2971 1369 3011 immolat
1398 2971 1509 3013 hunc
1537 2976 1583 3013 in
1612 2988 1696 3017 ras.
