2134 3454
797 131 1085 194 ,ἱρή-,ς

218 266 411 323 Codex
447 269 789 319 Troum-emis.
1054 267 1229 318 codem
1262 264 1590 318 Monacensis
1622 261 1697 318 ΙΙ.

115 359 169 412 ΙΙ,
200 355 284 398 320
311 359 461 409 posset
971 351 1124 405 possit,
1155 365 1192 394 v.
1219 366 1254 394 s.

114 423 197 466 322
225 421 452 464 eindebant
479 418 623 473 magni
972 417 1239 471 stringebant
1267 429 1449 473 magnos

114 488 198 532 326
226 488 357 530 thoris
972 483 1103 523 thoris

114 555 198 598 325
227 560 271 595 et
296 552 377 595 331
409 564 556 594 somno
972 562 1149 603 sompno

114 621 198 664 332
225 619 391 674 soporis
972 617 1139 670 saporis

114 686 199 730 333
226 692 338 727 errat
366 685 532 726 adulter
973 689 1087 723 errat
1114 683 1156 723 in
1186 689 1304 724 antro

114 752 197 794 335
226 752 376 793 cubilia
973 749 1139 789 cubulia
1318 799 1325 803 ¹

114 816 198 859 338
224 816 506 870 sustinuitque
536 839 588 846 —
972 814 1257 868 continuitque
1287 838 1340 844 —

225 894 391 922 manum
972 893 1120 921 manus

114 949 198 992 340
224 949 366 989 retulit
972 948 1111 988 retulit

114 1017 193 1058 341
225 1015 331 1056 thori
972 1013 1076 1053 thori

114 1082 198 1124 345
226 1082 328 1122 hora
972 1079 1074 1120 hora

115 1145 198 1189 347
226 1146 441 1187 tirinehius
972 1145 1158 1185 tii-incius

114 1213 197 1254 348
225 1212 375 1265 repulit
401 1234 456 1242 —-
485 1210 605 1250 thoro
972 1211 1122 1263 repulit
1149 1234 1204 1241 ——
1233 1211 1352 1251 thoro

113 1279 192 1320 351
225 1278 417 1319 deiectus
973 1275 1175 1330 depulsus

113 1345 196 1386 352
224 1344 277 1385 de
305 1357 517 1397 super-eor.
972 1342 1025 1383 de
1054 1347 1203 1383 omittit
1231 1345 1270 1384 1.
1298 1358 1350 1384 m.

112 1410 197 1452 354
223 1409 308 1451 lida
970 1409 1055 1450 lida

112 1475 195 1517 355
223 1475 309 1517 fau.
336 1474 490 1514 lumina
971 1475 1055 1516 fall.
1085 1476 1254 1516 numina
1281 1477 1325 1518 2.
1352 1489 1403 1515 m.

112 1541 191 1582 361
223 1541 406 1581 uerubus
971 1541 1141 1582 ueribus

112 1606 195 1648 365
224 1607 412 1647 cestibus
972 1608 1163 1647 uestibus

112 1672 194 1714 370
222 1677 413 1725 repectu,
443 1684 573 1721 mara.
601 1672 653 1710 ab
683 1673 826 1711 eadem
852 1686 905 1714 m.
971 1679 1134 1713 retenta

222 1752 330 1781 corr.
358 1742 536 1790 recepta

111 1805 195 1847 378
223 1806 290 1860 qui
322 1805 430 1846 bene
459 1803 599 1858 gessit
971 1804 1040 1858 qui
1068 1804 1176 1845 bene
1205 1805 1346 1858 gessit

111 1871 195 1913 380
222 1885 359 1926 queue
388 1872 525 1912 locum
556 1871 629 1910 tali
971 1883 1136 1924 quaeue
1165 1872 1302 1911 locum
1332 1872 1403 1912 tali

111 1936 191 1979 381
223 1938 401 1978 celestia
429 1938 592 1978 semina
621 1943 743 1990 partu
971 1937 1144 1978 celestis
1173 1939 1336 1978 semina
1366 1939 1510 1978 martis

111 2000 194 2043 383
221 2001 300 2043 hos
328 2003 454 2044 iubet.
483 2016 614 2054 mary.
643 2003 683 2043 ul
714 2003 779 2044 his

110 2066 193 2108 387
223 2068 383 2109 tiberim
969 2069 1146 2122 tyberim

109 2132 188 2175 391
221 2146 358 2188 neque
389 2135 499 2175 enim
969 2146 1049 2175 nee
1079 2134 1188 2174 enim

110 2197 193 2239 393
220 2199 274 2238 ha
304 2212 427 2253 quam
457 2208 556 2241 sunt
589 2203 747 2242 similes
777 2215 901 2256 quam
968 2201 1021 2240 ha
1051 2213 1176 2254 quam
1214 2206 1313 2240 sunt
1350 2201 1509 2241 similes
1545 2202 1599 2242 ha
1635 2215 1758 2257 quam

220 2265 431 2307 formosus
461 2274 638 2322 uterque
1077 2267 1287 2308 formosus
1324 2274 1499 2322 uterque

109 2329 193 2372 394
220 2344 275 2371 ex
302 2331 382 2372 inis
409 2333 493 2374 iste
969 2347 1022 2374 ex
1050 2334 1143 2375 istis
1172 2334 1255 2375 iste

108 2396 192 2455 395
220 2410 310 2451 arg.
338 2399 455 2439 uultu
968 2413 1055 2454 arg.
1084 2402 1179 2442 uisu

109 2463 192 2504 400
219 2464 321 2504 orba
351 2463 418 2504 die
966 2467 1066 2506 orba
1097 2466 1177 2507 dee
1208 2481 1234 2507 a
1261 2482 1312 2507 m.
1341 2467 1381 2510 1.

109 2529 192 2570 403
221 2530 444 2583 uagierant
474 2554 523 2562 --
554 2532 748 2572 sensisse
777 2539 863 2585 put.
966 2532 1187 2584 uagierant
1215 2557 1271 2564 —·
1300 2534 1457 2573 sentire
1488 2537 1573 2584 put.

108 2595 190 2636 409
219 2609 385 2650 queque
966 2610 1133 2651 quaque
1161 2612 1187 2638 a
1215 2599 1255 2638 1.
1285 2612 1337 2640 m.

109 2660 191 2702 410
220 2675 342 2706 nunc.
369 2676 501 2714 marq.
530 2664 570 2705 ul
599 2676 681 2705 non
965 2675 1076 2705 nunc

108 2727 191 2766 416
219 2728 338 2781 lingit
494 2737 496 2740 '
965 2731 1112 2784 linguit

108 2791 191 2832 419
218 2792 287 2831 ille
315 2794 502 2846 lupercal
963 2796 1032 2837 ille
1061 2797 1248 2850 lupercal

108 2857 186 2898 421
220 2861 313 2912 quis
341 2865 460 2900 uetat
487 2883 541 2891 —
964 2863 1031 2916 qui
1061 2869 1179 2903 uetat
1206 2876 1258 2904 m.
1289 2864 1332 2906 2.

219 2926 418 2966 archadio
965 2929 1164 2969 archadio

108 2987 196 3029 422.
217 2989 417 3032 archadia
449 3016 497 3021 -
527 2992 659 3034 liceus
963 2994 1163 3037 archadia
1192 3019 1244 3026 -
1274 2996 1407 3037 lieeus

1468 3076 1490 3109 8
