2167 3488
1021 184 1302 233 -44-

336 310 422 351 sive
445 309 581 350 ⁴varias
614 308 844 362 scripturas,
883 310 925 349 ut
964 318 1038 361 par
1077 313 1173 362 erat,
1215 308 1291 352 sub
1331 310 1446 352 unius
1479 309 1637 352 codicis
1674 310 1842 363 nomine,
1871 310 1992 354 uncis

336 376 499 419 inclusis
540 375 682 430 quibus
722 375 930 430 scripturis
970 377 1072 417 inter
1112 387 1156 418 se
1200 376 1461 432 dissentirent,
1504 388 1575 431 per
1618 387 1735 419 unam
1774 376 1926 419 literam
1957 377 1993 419 Α

336 442 453 498 (nam
483 443 583 485 alios
624 444 782 486 codices
821 444 1021 485 literarum
1062 446 1174 499 notis,
1214 446 1315 487 alios
1354 456 1516 487 numero
1554 444 1717 487 arabico
1756 445 1917 498 signare
1956 447 1992 486 ei

335 510 514 564 placuit),
545 513 689 553 citavit.
753 513 868 552 Vossi
889 511 1088 564 Excerpta
1120 513 1299 554 eiusdem
1331 513 1479 555 codicis
1510 519 1641 554 autern
1672 512 1800 555 ubivis
1830 514 1991 566 proprio

336 579 471 633 signo,
516 588 680 621 numero
721 578 797 632 43,
843 579 957 632 quasi
1001 577 1145 621 divorsi
1194 584 1232 621 et
1275 579 1489 633 peculiaris
1531 579 1620 621 libri
1664 584 1798 622 essent
1841 580 1991 634 copiae,

336 647 535 688 indicavit.
582 657 630 686 en
675 645 743 687 tibi
785 646 987 698 exempla:
1036 647 1080 698 lt,
1121 647 1204 687 692
1247 649 1300 687 ita
1342 649 1507 699 cupiant
1543 647 1581 687 A
1621 649 1662 686 Φ
1702 647 1771 689 29.
1812 647 1879 689 33.
1921 647 1989 688 43.

336 713 400 767 111,
429 713 496 755 27.
535 715 665 765 stipite
702 724 887 765 puynans
928 713 958 754 A
999 713 1027 755 8
1061 713 1130 755 43.
1177 713 1243 768 ΙΙΙ,
1271 717 1340 756 44.
1382 717 1465 756 iam
1503 725 1579 756 sua
1615 717 1732 767 siqua
1771 714 1807 756 A
1838 714 1893 756 2⁶2
1920 714 1990 757 43.

338 780 426 830 Quo
455 781 581 822 lector
610 780 726 822 facile
757 782 796 821 in
826 780 1004 821 fraudem
1042 780 1242 835 inducitur,
1281 786 1322 823 ut
1354 782 1422 823 illo
1452 792 1613 823 numero
1643 782 1698 824 43
1728 793 1869 825 novam
1899 782 1990 824 novi

337 849 488 890 codicis
528 850 681 901 paratui
721 850 855 890 critico
896 848 1089 889 accedere
1140 850 1413 891 auctoritatem
1454 851 1661 891 existimet.
1733 848 1864 898 Quare
1903 861 1990 891 cum

337 918 472 959 variae
511 917 603 959 illae
643 918 864 971 scripturae
904 919 1002 959 mira
1042 917 1202 960 levitate
1242 930 1266 959 a
1303 919 1445 961 Vossio
1486 923 1695 972 excerptae
1736 919 1822 970 sint,
1862 927 1990 971 neque

338 986 552 1040 quidquam
584 985 688 1039 quod
718 986 821 1038 frugi
860 987 920 1039 sit,
963 986 1069 1040 quod
1110 998 1186 1028 non
1216 990 1254 1028 in
1286 987 1510 1028 Heinsianis
1539 988 1654 1029 huius
1684 985 1832 1028 codicis
1865 985 1990 1038 copiis

337 1056 591 1107 contineatur,
621 1052 843 1106 exhibeant,
883 1059 924 1094 ut
959 1055 1094 1095 inutile
1124 1055 1279 1108 pondus
1310 1066 1331 1096 e
1363 1056 1651 1097 commentariis
1680 1054 1884 1097 Fastorum
1914 1055 1989 1096 eii-

337 1123 502 1167 ciendae
532 1127 570 1163 et
600 1121 786 1163 oblivioni
817 1121 1032 1163 tradendae
1060 1133 1153 1164 esse
1182 1123 1380 1165 videntur.

470 1189 597 1240 Quum
623 1191 739 1242 igitur
760 1189 975 1231 Petaviano
1005 1191 1104 1232 libro
1137 1197 1242 1232 tanta
1258 1192 1311 1232 -in
1331 1191 1511 1233 omnibus
1532 1191 1677 1233 tributa
1697 1193 1747 1233 sit
1767 1191 1990 1243 auctoritas,

338 1263 522 1316 quantam
562 1256 741 1311 vidimuS,
781 1258 919 1299 merito
948 1258 1178 1313 suspiceris,
1220 1258 1427 1301 editionem
1458 1260 1646 1314 Merkelii‚
1687 1260 1753 1313 qui
1792 1260 1831 1300 in
1870 1269 1988 1300 reco-

337 1330 510 1383 gnitione
540 1330 669 1367 textus
700 1326 954 1367 Petavianum
990 1326 1017 1366 1.
1046 1328 1289 1380 potissimum
1321 1324 1566 1381 sequendum
1598 1328 1778 1382 affirmat,
1808 1337 1989 1380 magnum

336 1397 428 1439 inde
458 1398 666 1449 accepisse
697 1394 981 1436 detrimentum.
1042 1395 1123 1437 Sed
1154 1407 1231 1437 non
1262 1401 1322 1438 est
1350 1398 1415 1438 ita.
1453 1396 1577 1438 editor
1607 1397 1708 1438 enim
1738 1395 1842 1437 haud
1873 1393 1989 1436 dubie

336 1470 423 1522 ipse
462 1469 679 1507 monstrum
720 1468 849 1506 textus
889 1465 974 1506 sore
1005 1466 1189 1519 sentiens,
1231 1466 1266 1506 si
1305 1464 1356 1506 ad
1395 1465 1502 1507 illum
1542 1464 1717 1507 codicem
1757 1465 1988 1517 scripturam

336 1537 521 1589 exigeret
541 1538 580 1575 et
608 1544 706 1575 vere
737 1534 1008 1575 recensionem
1040 1534 1091 1574 ad
1124 1546 1211 1575 eum
1244 1534 1465 1588 conticeret,
1495 1546 1580 1576 cum
1603 1533 1653 1575 ad
1674 1533 1870 1587 agendum
1891 1544 1989 1586 per-

336 1609 493 1649 ventum
525 1607 645 1657 esset,
685 1601 805 1643 multa
841 1602 1010 1656 quidem,
1050 1613 1179 1656 neque
1211 1603 1340 1644 omnia
1371 1614 1477 1657 vera,
1517 1614 1540 1644 e
1569 1603 1783 1645 Petaviano
1813 1602 1839 1643 1.
1870 1600 1989 1655 dedit,

335 1676 374 1716 in
414 1672 579 1725 reliquis
620 1674 750 1711 autem
790 1670 919 1711 tritam
959 1670 1065 1710 illam
1109 1670 1159 1710 ab
1201 1671 1291 1711 aliis
1330 1673 1431 1712 viam
1463 1673 1594 1725 tenuit,
1639 1671 1778 1724 copias
1818 1682 1912 1712 suas
1952 1674 1991 1711 et

337 1741 634 1784 emendationes
655 1739 860 1791 prompsit,
891 1737 993 1779 unde
1024 1738 1127 1780 uude
1143 1740 1280 1793 potuit,
1311 1744 1537 1793 textumque
1558 1751 1607 1782 ex
1629 1740 1784 1793 optimis
1805 1737 1989 1792 pessimis

336 1822 410 1854 nec
430 1810 528 1864 ipsis
559 1806 915 1860 interpolatissimis
955 1806 1113 1860 quidem
1153 1808 1297 1861 spretis
1337 1808 1557 1862 constituit;
1595 1807 1778 1851 videlieet
1817 1806 1987 1849 confisus

335 1880 451 1920 etiam
483 1877 551 1917 illa
580 1876 855 1927 persuasione,
887 1879 926 1915 ut
957 1875 1044 1926 ipse
1075 1875 1235 1926 quidem
1267 1875 1504 1928 testificatur,
1534 1877 1568 1916 si
1600 1877 1666 1928 qui
1695 1875 1807 1916 codd.
1829 1877 1867 1915 in
1888 1886 1985 1928 pra-

333 1945 509 1990 vioribus
538 1949 685 1997 essent,
716 1948 846 1985 tamen
878 1954 927 1985 ex
958 1944 1128 1997 antiquis
1158 1955 1229 1986 eos
1259 1943 1429 1987 fontibus
1460 1956 1550 1987 esse
1579 1945 1779 1987 derivatos
1801 1950 1839 1986 et
1859 1945 1986 1998 pauca

333 2017 515 2059 sincerae
546 2013 651 2055 illius
681 2013 844 2066 originis
876 2013 1066 2054 traxisse:
1099 2011 1204 2066 quod
1235 2012 1451 2067 luculentis,
1482 2013 1517 2056 si
1547 2013 1598 2055 ad
1627 2024 1715 2055 eum
1736 2013 1867 2055 locum
1889 2023 1986 2066 per-

334 2082 582 2135 venerimus,
633 2081 826 2134 exemplis
877 2080 1228 2134 demonstrabitur,
1277 2081 1348 2122 sed
1387 2081 1489 2122 idem
1529 2083 1653 2134 ipsius
1692 2080 1834 2133 verbis,
1885 2090 1986 2133 quae

334 2151 455 2194 multa
485 2150 537 2193 de
577 2162 625 2193 ea
655 2162 699 2192 re
729 2151 887 2205 sparsit,
928 2150 1188 2192 confirmatur.
1246 2149 1379 2192 Verba
1418 2151 1503 2193 eius
1547 2151 1586 2193 h.
1618 2150 1644 2192 l.
1677 2150 1842 2193 collecta
1873 2160 1986 2192 com-

334 2231 498 2275 ponam:
542 2221 718 2262 conteret
756 2222 858 2262 enim
897 2220 990 2261 illud
1021 2219 1072 2261 ad
1104 2220 1389 2275 illustrandum,
1420 2231 1523 2274 quae
1552 2221 1604 2262 sit
1633 2220 1815 2262 carminis
1845 2220 1882 2260 in
1911 2219 1986 2260 hac

335 2289 506 2331 editione
538 2289 722 2343 conditio,
764 2294 803 2330 et
832 2300 946 2342 quae,
987 2289 1092 2342 quod
1123 2289 1367 2341 potissimum
1398 2289 1609 2344 quaeritur,
1643 2289 1855 2331 Petaviauo
1887 2290 1915 2330 l.
1948 2293 1986 2331 et

335 2358 423 2400 aliis
454 2356 568 2399 codd.
598 2358 637 2397 in
668 2367 716 2397 ea
748 2355 890 2397 tributa
922 2367 1102 2410 quaeque
1134 2366 1230 2397 vere
1260 2355 1467 2397 tribuenda
1496 2357 1546 2398 sit
1575 2357 1800 2398 auctoritas.

465 2426 602 2467 Petav.
631 2425 655 2465 l.
688 2425 866 2480 „Eximia
897 2425 982 2465 eius
1013 2430 1075 2465 est
1104 2426 1316 2465 auctoritas
1346 2435 1419 2465 nec
1448 2425 1522 2465 nisi
1551 2435 1712 2476 gravem
1742 2425 1794 2476 ob
1824 2433 1984 2465 causam

335 2493 566 2546 deserenda,
596 2492 668 2534 sed
699 2494 811 2545 origo
843 2492 893 2533 ab
925 2493 1011 2533 aliis
1041 2492 1161 2546 paulo
1192 2493 1315 2532 minus
1347 2494 1509 2533 vetustis
1538 2492 1655 2545 longe
1686 2496 1837 2533 remota
1866 2496 1927 2531 est
1948 2494 1984 2530 et

333 2565 372 2605 in
402 2561 610 2615 scripturis
640 2561 847 2602 manifesta
877 2571 1166 2614 saepenumero
1196 2561 1392 2613 corruptio
1424 2565 1461 2601 et
1491 2558 1734 2602 barbarieS.“

466 2629 760 2672 Arundelianus
784 2632 821 2670 et
844 2629 1071 2671 Vossianus.
1125 2626 1362 2684 „Utriusque
1392 2627 1603 2682 singularis
1623 2632 1661 2669 et
1682 2626 1820 2669 eadem
1843 2626 1905 2681 (?)
1926 2632 1986 2670 est

334 2701 460 2754 origo.
510 2697 824 2751 interpolationis
853 2708 932 2739 non
962 2702 1051 2739 sunt
1080 2697 1272 2738 immunes
1302 2697 1376 2738 visi
1406 2707 1478 2738 uec
1507 2695 1698 2750 sequendi
1728 2699 1813 2737 sine
1838 2707 1984 2737 neces-

334 2769 463 2823 sitate,
512 2766 715 2820 aliquanto
755 2765 820 2819 (¹2)
858 2765 1145 2808 recentioribus
1186 2776 1460 2818 nonnunquam
1504 2763 1780 2818 posthabendi.
1827 2764 1862 2818 3,
1902 2765 1984 2807 369

335 2839 426 2890 etat,
456 2836 553 2878 949.
585 2835 741 2877 levibus
772 2836 810 2876 in
841 2834 961 2876 rebus
982 2834 1241 2876 Arundeliani
1271 2834 1547 2876 auctoritatem
1577 2831 1755 2875 admisi.“
1790 2833 1836 2875 Et
1865 2845 1984 2887 porro

316 2904 384 2946 ·de
406 2905 601 2945 Vossiauo
623 2903 731 2944 solo:
766 2902 875 2957 „Ego
904 2904 937 2943 si
970 2902 1127 2955 quando
1159 2903 1262 2943 hunc
1283 2903 1525 2954 potissimum
1546 2902 1686 2943 librum
1707 2906 1866 2944 secutus
1886 2913 1984 2956 sum,

334 2970 479 3012 tactum
510 2968 549 3011 id
580 2973 640 3011 est
669 2970 708 3011 in
738 2969 837 3011 locis
866 2969 1058 3011 eiusmodi
1088 2969 1150 3021 (ut
1180 2970 1224 3023 V,
1258 2969 1352 3011 131.
1375 2968 1437 3022 Vl,
1469 2969 1586 3023 522.)
1615 2967 1681 3011 ubi
1711 2969 1773 3012 vel
1805 2970 1984 3023 interpo-

334 3039 566 3081 latissimum
596 3039 775 3091 quemvis
806 3037 1007 3080 admittere
1037 3039 1138 3080 ratio
1167 3036 1344 3080 suissetst
1386 3085 1392 3090 ,
