2086 3454
828 134 1106 183 ...23-

242 256 416 308 Godeoe
451 257 767 308 Petavianus
799 257 842 306 Ι.

257 354 438 383 aceruus
467 347 558 383 erat

151 406 228 449 109
255 409 383 450 altum
431 408 602 450 flamma
649 406 779 461 petit,
832 410 937 446 teste

311 474 445 516 Gron.

252 540 420 582 flamma
473 541 580 595 petit
624 540 779 591 altum,
833 543 937 579 teste

307 605 458 649 Heius.
486 630 541 637 —

254 672 365 727 prior
392 674 512 714 locus

145 737 226 779 113
254 739 461 779 confusae
491 738 684 791 quoniam

146 803 227 846 122
254 805 386 845 libera
414 817 490 858 per
519 809 633 844 tutas

147 869 226 911 126
258 877 301 911 et
329 869 438 911 redit

152 936 227 978 131
258 937 424 978 scilicet
452 941 625 975 aeterna

253 1003 368 1044 uouit
397 1000 512 1043 rudis
541 1015 568 1041 a
595 1002 638 1043 2.
669 1015 719 1041 m.

146 1134 226 1176 132
257 1135 425 1177 diuerso
449 1138 531 1176 ae.
548 1149 602 1179 m.
627 1140 731 1176 teste
748 1133 932 1175 Gronov.

146 1201 226 1243 135
256 1201 404 1242 frontis

146 1265 226 1308 137
254 1266 414 1309 sedens
444 1274 590 1309 uester
618 1268 735 1321 primi
766 1280 895 1321 prope

145 1332 225 1374 139
253 1344 335 1387 ego
364 1334 575 1387 perspicio

143 1398 223 1439 145
251 1399 365 1439 uultu

143 1464 223 1505 146
250 1470 403 1517 pactus

144 1529 224 1570 148
253 1529 467 1583 uerbaque
496 1536 754 1584 suspectans

143 1595 223 1636 153
251 1597 373 1636 arbor

143 1661 224 1702 157
254 1661 334 1702 159
361 1668 446 1703 tum

143 1727 223 1768 158
250 1728 373 1782 fingit

143 1792 223 1833 160
250 1793 360 1834 haec
389 1806 498 1834 anno
528 1794 695 1834 nouitas

142 1990 221 2031 168
249 1997 363 2031 totus
392 1998 437 2031 at
464 1991 653 2043 auspicio
688 2014 730 2019 —-
765 1991 878 2031 iners

143 2056 222 2098 169
249 2062 364 2099 artes
394 2056 546 2099 ibidem
575 2056 653 2101 del,

142 2121 222 2163 183
249 2121 366 2165 fecit.
394 2136 420 2161 a
448 2122 488 2165 1.
516 2136 569 2165 m.

141 2187 221 2229 185
248 2189 335 2230 uolt

141 2253 221 2295 186
249 2253 417 2295 condita

141 2319 220 2359 196
248 2332 329 2374 quo
359 2332 454 2359 nam
483 2332 619 2373 progr.

137 2384 220 2427 220
248 2392 416 2427 uestras

137 2450 221 2494 236
249 2465 273 2493 a
304 2453 399 2493 ioue

137 2517 220 2559 239
247 2531 400 2573 pupem

136 2584 220 2625 242
248 2586 414 2626 arenosi

136 2650 219 2692 244
246 2652 382 2694 bubus

135 2716 219 2758 245
247 2731 321 2760 ara
350 2731 445 2760 mea
474 2724 542 2759 est
572 2717 664 2759 coni

247 2798 370 2839 quem
399 2786 554 2839 uolgus

134 2850 217 2891 255
245 2859 391 2893 nostra
421 2853 605 2905 resoluo,
636 2865 663 2891 a
692 2852 732 2892 1.
761 2866 813 2892 m.

133 2915 213 2958 261
245 2929 281 2959 ο.
310 2918 483 2960 sabinos

133 2983 217 3023 262
244 2983 409 3024 duxerit

1112 254 1288 307 Godeoe
1325 254 1664 307 steven-ensis.

1002 353 1183 383 aceruus
1213 345 1332 381 erant

1002 538 1169 579 flamma
1197 537 1303 591 petit
1331 538 1480 581 celum.
1512 562 1562 568 --

999 670 1187 725 proprior
1214 669 1333 711 locus

1001 737 1179 777 confuse
1208 738 1401 789 quoniam

1000 804 1131 844 libera
1160 814 1236 856 per
1265 809 1379 844 tutas

1000 877 1042 910 et
1071 870 1178 910 redit

999 938 1064 976 sic
1083 935 1292 988 quondam
1313 937 1441 979 uario.
1469 950 1599 987 mary.
1629 937 1669 977 ul
1699 938 1791 979 sci-

1081 1002 1182 1042 licet
1198 1008 1365 1043 eterno:
1395 1016 1489 1043 cum
1501 1003 1661 1054 ylossa,
1692 1005 1789 1058 quia

1080 1069 1198 1122 plura
1228 1068 1394 1108 nomina
1423 1068 1566 1108 habuit

1000 1135 1191 1175 diuersas

998 1201 1160 1242 frontes

998 1266 1156 1309 sedens
1187 1266 1306 1320 primi
1335 1273 1479 1308 uester
1506 1280 1637 1322 prope

998 1346 1082 1388 ego
1110 1333 1321 1387 prospicio

998 1401 1112 1440 uultu

996 1473 1149 1519 pactus

996 1531 1211 1584 uerbaque
1239 1536 1496 1585 suspectans

997 1597 1121 1636 arbor

996 1662 1078 1703 157
1107 1662 1187 1703 159
1214 1668 1315 1703 tunc

993 1729 1125 1770 nectit

994 1795 1075 1836 hec
1090 1797 1188 1835 anni
1203 1798 1371 1838 nouitas
1386 1821 1441 1827 —
1459 1798 1654 1840 nouanda
1674 1801 1785 1843 foret

1075 1874 1101 1900 a
1125 1874 1208 1905 rec.
1231 1876 1283 1906 m.
1311 1865 1570 1915 adscriptum
1589 1866 1783 1909 uocanda

1076 1925 1155 1965 fuit

993 1996 1105 2030 totus
1135 1992 1188 2031 ab
1218 1993 1408 2047 auspicio
1439 2018 1489 2025 -
1521 1998 1662 2038 inhers

992 2062 1107 2099 artes
1136 2056 1302 2101 obidem
1332 2059 1411 2104 del.

992 2122 1075 2163 feci

991 2190 1078 2230 uult

993 2255 1173 2297 candida

991 2334 1072 2374 quo
1101 2324 1184 2364 iam
1213 2336 1349 2378 progr.

991 2396 1159 2431 nostras

991 2468 1016 2495 a
1045 2455 1141 2497 ioue

991 2535 1172 2576 puppem

990 2589 1188 2629 harenosi

990 2655 1125 2696 bobus

990 2733 1064 2762 ara
1093 2733 1189 2761 mea
1218 2726 1287 2762 est
1315 2722 1411 2763 colli

990 2801 1114 2842 quem
1143 2787 1298 2840 uulgus

991 2861 1136 2896 nostra
1163 2854 1319 2895 resolui

992 2932 1028 2961 c.
1057 2920 1240 2961 sabinos.
1270 2933 1296 2959 a
1325 2933 1431 2966 corr.
1462 2922 1621 2963 sabinis

991 2986 1168 3028 duxerat
