2087 3488
994 208 1272 257 „18-

304 329 387 372 545
417 330 490 373 sed
520 330 626 385 quid.
658 343 685 373 a
713 342 793 373 rec.
826 342 879 373 m.
911 330 1005 385 quid
1035 331 1140 386 quod
1174 356 1222 363 —
1255 328 1338 372 547
1369 329 1491 371 cicius
1520 327 1643 371 nitido
1673 352 1727 359 —
1758 328 1841 372 555
1870 332 1958 372 tro-

304 395 417 448 pheis
450 421 500 427 —
531 395 615 439 549
635 397 834 451 prospicit.
855 407 960 438 corr.
982 397 1171 451 perspicit
1202 421 1253 427 —
1284 394 1363 437 561
1397 395 1587 448 prospicit
1619 418 1670 425 —
1703 393 1789 438 563
1818 405 1958 438 01103111

302 461 533 503 honeratam
566 487 615 492 —
648 461 734 504 564
762 465 817 503 tot
844 462 954 504 uidet
981 462 1099 504 iulee.
1130 474 1158 504 a
1187 473 1290 504 corr.
1321 465 1361 502 et
1388 463 1445 502 tot
1470 459 1574 502 iulee
1605 481 1658 489 ———
1689 458 1774 502 565
1793 460 1955 503 iliadem

302 524 385 569 568
406 527 554 569 iussum
586 550 639 556 —
670 528 807 569 minus,
828 539 855 569 a
875 539 955 569 rec.
978 539 1030 569 m.
1053 528 1179 570 maius
1209 552 1262 558 —
1294 524 1377 568 569
1397 536 1489 567 uon.
1513 524 1589 567 hec
1618 548 1671 556 —
1702 523 1788 567 574
1814 535 1955 568 nomen

301 591 385 634 575
425 593 527 633 satia
570 616 619 623 —
662 592 745 634 579
785 603 861 635 nec
899 594 997 634 satis
1037 598 1098 634 est
1136 595 1271 634 martis
1310 593 1544 644 cognomina
1583 591 1863 633 commeruisse
1898 616 1952 622 —

298 657 381 701 583
413 669 640 699 ε13εεο111111
662 660 818 700 1101111113
850 681 903 687 -
935 656 1017 701 595
1050 658 1166 701 datur
1192 681 1246 687 —
1277 656 1338 700 bis
1363 655 1465 700 ultor
1493 679 1546 686 -
1578 654 1662 699 596
1693 656 1879 699 emeritus
1899 675 1953 686 -

297 722 381 766 603
397 722 602 765 stellancia
622 746 671 754 —
690 722 772 765 606
790 725 944 777 iupiter.
965 726 1056 765 item
1078 723 1176 765 617.
1194 723 1290 765 651.
1317 747 1367 754 —-
1392 721 1476 764 610
1494 723 1597 776 insp.
1619 733 1817 775 super-scr.
1833 732 1880 763 as
1898 745 1951 752 -

295 789 380 832 614
394 790 541 831 lorcius
563 814 616 820 —
638 788 722 832 618
743 791 864 832 tercia
884 812 938 820 —
961 789 1044 832 619
1064 790 1203 832 fariam
1224 812 1278 819 -
1300 787 1384 831 620
1405 798 1456 830 ex
1476 787 1634 830 homine
1656 786 1705 830 de
1724 786 1829 830 boue
1845 786 1951 829 facta

296 857 372 899 dea
402 864 464 900 est
492 869 519 898 a
548 868 627 898 rec.
659 869 711 898 m.
747 868 798 899 ex
828 857 983 899 homine
1015 862 1075 900 est
1109 883 1158 889 —
1198 856 1277 900 621
1310 861 1389 899 tum
1419 866 1577 910 quoque
1620 879 1669 886 —-
1714 855 1797 898 626
1826 855 1950 898 uerba

294 925 404 966 fuere
434 926 542 966 senis
576 950 625 955 —
659 924 742 966 627
772 928 913 978 gentis.
942 937 1047 967 corr.
1077 930 1216 978 gentes
1258 948 1310 954 --
1351 924 1433 966 629
1465 925 1637 966 tirincins
1668 948 1721 954 —
1758 921 1842 965 628
1872 934 1950 964 ex—

294 994 487 1045 cipiuntur
527 1017 580 1023 —
621 991 706 1035 634
741 993 990 1047 precipitare,
1030 1006 1056 1034 a
1084 1005 1162 1035 rec.
1194 1005 1247 1035 m.
1278 1004 1381 1034 corr.
1412 1002 1519 1034 asse.
1565 1016 1614 1022 —
1657 989 1742 1033 640
1782 1001 1947 1044 sparsas

293 1085 347 1092 -—
384 1060 464 1103 641
508 1063 647 1113 gentes
687 1059 814 1102 tibrim
848 1086 898 1091 —
929 1060 1014 1102 642
1055 1071 1163 1102 eram
1203 1072 1308 1103 corr.
1350 1072 1389 1101 a.
1429 1071 1509 1101 rec.
1551 1071 1604 1100 m.
1646 1062 1731 1100 erat
1770 1081 1823 1087 ——-
1864 1057 1947 1100 643

292 1128 475 1170 archadis
508 1154 559 1160 —
590 1128 673 1171 647
705 1130 883 1184 hospicio
907 1155 956 1160 —
979 1130 1184 1183 palancius
1214 1141 1304 1172 eros
1325 1155 1378 1161 —
1402 1128 1486 1172 648
1516 1128 1641 1171 011300
1672 1128 1711 1169 11.
1746 1138 1849 1181 pena
1877 1127 1949 1169 fuit

295 1220 344 1226 —
368 1194 451 1238 649
469 1196 659 1239 eritheida
682 1222 732 1228 —
755 1197 839 1240 650
859 1197 1031 1241 astrahit.
1052 1202 1090 1239 et
1111 1198 1285 1240 comites.
1316 1220 1369 1226 -
1399 1195 1481 1238 651
1506 1196 1590 1238 des.
1613 1196 1754 1237 mansit
1773 1195 1812 1235 in
1839 1196 1946 1248 agris

295 1289 344 1294 —
376 1263 459 1307 655
496 1276 558 1306 me
586 1266 625 1306 in
654 1264 816 1307 tiberim.
846 1270 872 1307 t.
902 1270 1042 1308 uentus
1072 1270 1108 1308 et
1136 1266 1276 1308 undas.
1308 1266 1386 1308 Sic.
1419 1265 1498 1307 31.
1517 1275 1567 1306 111.
1592 1289 1642 1296 -
1675 1274 1777 1306 corr.
1808 1266 1945 1305 uectus

290 1335 333 1373 ut
361 1333 479 1374 undis
511 1356 560 1362 —
594 1331 677 1374 656
707 1332 798 1374 litus
826 1332 877 1374 ad
906 1356 959 1362 —
991 1333 1070 1376 661
1105 1334 1293 1376 hactenus
1323 1338 1364 1375 ut
1393 1333 1485 1375 uiuo
1524 1331 1642 1375 subiit
1680 1332 1858 1373 rorancia
1891 1355 1940 1362 —

288 1399 371 1442 663
411 1400 622 1442 athalantis
661 1423 715 1430 —
756 1400 842 1443 664
871 1401 1067 1443 archadiis
1112 1427 1162 1433 -
1194 1402 1276 1444 665
1307 1403 1540 1455 superisque
1570 1402 1735 1454 imisque
1778 1424 1826 1430 —-
1858 1397 1942 1440 667

287 1468 358 1509 lire
392 1493 440 1498 —-
474 1468 558 1510 669
588 1469 815 1521 spectancia
847 1492 898 1499 -
927 1468 1012 1511 670
1041 1475 1103 1511 est
1127 1481 1228 1511 nunc
1249 1468 1317 1511 tibi
1338 1470 1440 1511 festa
1471 1493 1521 1500 —
1554 1467 1638 1510 672
1658 1473 1742 1510 ture
1776 1492 1826 1498 --
1857 1465 1941 1508 675

288 1537 419 1578 tunica
449 1560 503 1566 -—
534 1534 617 1577 676
648 1536 831 1577 suffossa.
865 1539 1119 1589 superscript.
1155 1548 1229 1578 usa
1261 1561 1310 1567 —
1344 1535 1422 1578 681
1458 1535 1590 1590 inquid
1621 1560 1673 1566 -
1705 1534 1788 1578 682
1817 1533 1941 1577 uerba

282 1602 372 1646 fide.
400 1606 653 1657 superscript.
687 1604 749 1646 die
782 1630 832 1635 —
864 1604 947 1647 683
979 1606 1155 1647 falsusne
1185 1608 1299 1647 citaui
1332 1631 1381 1636 -
1414 1604 1499 1648 684
1527 1607 1696 1647 1101111113.
1737 1617 1764 1646 11
1804 1616 1831 1646 α
1859 1615 1940 1645 rec.

284 1685 335 1713 m.
368 1696 421 1702 —
455 1671 538 1715 686
569 1673 675 1715 nothi
705 1696 758 1702 -—
791 1672 874 1715 688
914 1685 963 1715 ne
1003 1678 1139 1716 curent
1170 1698 1217 1703 -
1261 1673 1344 1717 692
1376 1674 1490 1727 ortig.
1528 1674 1720 1726 eripuisse
1760 1697 1812 1702 —
1855 1669 1937 1713 695

279 1751 492 1794 superesse
523 1739 607 1782 dies
638 1739 686 1782 de
718 1751 853 1783 mense
884 1740 959 1782 uid.
992 1766 1042 1771 -
1075 1741 1158 1783 699
1188 1741 1344 1795 pheben
1374 1740 1564 1794 febesque
1594 1750 1767 1782 sorores.
1798 1750 1826 1779 a
1853 1750 1934 1779 rec.

280 1822 333 1850 m.
356 1820 418 1850 em
452 1832 503 1838 —
536 1808 619 1851 700
640 1809 805 1850 tindarei
838 1833 889 1839 —
922 1809 1000 1851 701
1025 1810 1114 1852 idas
1145 1835 1198 1841 —
1234 1809 1316 1851 702
1337 1810 1507 1862 leucipio
1540 1834 1589 1840 —
1623 1808 1705 1851 706
1726 1811 1787 1850 set
1812 1808 1937 1849 uisum

278 1881 340 1918 est
368 1899 422 1905 —-
454 1875 537 1919 708
567 1876 638 1918 illo
667 1887 771 1918 nom.
800 1876 879 1918 fida
907 1877 997 1919 loco
1029 1900 1080 1906 —
1113 1876 1195 1919 709
1224 1877 1352 1920 linceo
1383 1902 1437 1908 —
1468 1876 1552 1919 710
1571 1876 1734 1919 uulnere
1766 1900 1815 1906 -
1850 1874 1931 1916 711

277 1944 404 1986 lincea
434 1967 487 1973 —
520 1943 602 1985 712
633 1947 857 1986 continuata
884 1946 990 1998 tegit.
1025 1970 1073 1976 —
1108 1946 1192 1988 714
1221 1946 1336 1988 facta.
1369 1958 1396 1987 a
1425 1958 1505 1988 rec.
1536 1958 1589 1988 m.
1618 1949 1733 1998 rapta
1766 1969 1816 1975 —
1850 1942 1932 1985 717

277 2035 383 2088 quod
409 2034 502 2075 mihi
531 2006 603 2076 des
633 2058 686 2063 —
718 2034 800 2076 719
830 2036 1004 2077 stacione
1041 2061 1094 2066 —
1127 2036 1209 2078 722
1239 2038 1375 2079 minus.
1406 2048 1433 2078 a
1462 2047 1541 2078 rec.
1571 2048 1624 2077 m.
1656 2046 1758 2077 corr.
1780 2037 1932 2086 tempus

276 2126 329 2133 ——-
362 2103 444 2146 725
477 2102 632 2144 uulcani
664 2126 714 2133 —
750 2107 810 2146 est
839 2114 954 2157 quam
985 2104 1128 2146 luxtria
1159 2103 1289 2146 dicunt
1320 2128 1371 2133 —
1404 2103 1486 2146 726
1507 2103 1724 2146 luxtrantur
1758 2126 1807 2132 —-
1839 2101 1931 2142 facit

278 2171 365 2223 ipse
398 2194 448 2200 —
482 2170 565 2213 730
596 2170 727 2212 datum
758 2176 819 2212 est
848 2196 901 2203 —-
933 2172 1010 2214 731
1053 2173 1294 2225 amphitrites
1326 2197 1375 2203 —
1410 2172 1491 2215 733
1522 2173 1674 2214 auferet
1706 2196 1755 2202 ——
1787 2169 1930 2212 boeten

275 2261 329 2268 -
366 2236 449 2280 734
477 2238 632 2281 11131111ε.

406 2304 468 2360 Vl,
486 2304 506 2346 1
522 2305 609 2360 sub,
625 2317 823 2359 superscr.
841 2307 878 2348 in
895 2331 948 2338 —-
965 2307 990 2349 2
1004 2307 1128 2362 legas.
1146 2333 1198 2339 —
1215 2309 1241 2350 2
1257 2319 1353 2349 uera
1369 2319 1519 2350 canam.
1538 2318 1735 2361 superscr.
1752 2316 1927 2348 aream.

272 2379 362 2415 acta
386 2398 436 2404 -
460 2373 488 2415 4
507 2375 682 2428 placent.
704 2387 806 2417 corr.
828 2380 962 2428 putent
995 2402 1044 2408 —
1069 2377 1094 2418 7
1116 2379 1303 2430 precipue
1324 2381 1385 2419 est
1404 2377 1547 2419 uultus.
1571 2388 1699 2428 marq.
1722 2387 1749 2417 a
1768 2386 1849 2417 rec.
1869 2386 1923 2415 m.

272 2442 436 2485 dearum
459 2465 511 2475 —-
536 2441 589 2484 13
611 2441 753 2484 uiderit
775 2454 877 2485 ascr.
900 2444 992 2486 dum
1023 2467 1075 2473 —
1109 2445 1163 2486 17
1179 2446 1250 2487 fnit
1270 2446 1350 2487 illa.
1374 2458 1400 2487 a
1419 2457 1497 2487 rec.
1515 2458 1567 2487 m.
1588 2455 1763 2498 superse.
1786 2441 1825 2483 ul
1848 2452 1924 2483 una

270 2533 325 2540 —
347 2510 403 2552 20
423 2509 580 2552 sustulit
601 2510 668 2552 illa
691 2535 741 2541 —-
766 2511 818 2553 25
841 2512 1027 2566 uulgique
1060 2537 1110 2543 -
1131 2512 1186 2555 33
1207 2514 1342 2556 thorus
1363 2515 1402 2555 in
1422 2514 1556 2567 precio
1579 2536 1631 2543 -
1652 2511 1706 2555 35
1727 2511 1846 2565 pelex
1871 2534 1921 2541 —

270 2576 324 2619 39
353 2578 499 2620 faciunt
532 2604 583 2609 -
613 2577 672 2619 40
704 2577 811 2619 dicor
845 2603 893 2609 —
923 2579 978 2621 45
1009 2581 1127 2622 foueo
1158 2582 1370 2633 cartaginis
1411 2605 1464 2612 —
1508 2580 1564 2622 46
1594 2590 1684 2621 nam
1714 2589 1803 2619 mea
1832 2581 1922 2619 sunt

271 2669 322 2676 —
354 2646 409 2688 47
440 2647 617 2700 penituit.
649 2658 676 2687 a
705 2658 784 2688 rec.
815 2659 866 2687 m.
899 2659 998 2689 corr.
1029 2653 1120 2689 teat.
1151 2649 1337 2689 micenas.
1369 2671 1422 2677 —
1453 2646 1509 2689 48
1538 2648 1641 2689 lacio
1661 2645 1920 2699 subposuisse

269 2737 322 2743 —
352 2712 408 2754 49
439 2716 593 2755 tacium.
631 2738 681 2743 —
713 2713 766 2755 93
800 2716 940 2755 tacium
974 2729 1023 2746 ·—
1057 2715 1112 2756 52
1143 2716 1251 2756 color
1284 2741 1332 2747 —
1365 2721 1482 2757 teneo
1516 2740 1565 2746 —-
1604 2714 1658 2757 59
1691 2725 1792 2767 quos
1821 2717 1920 2755 erat.

267 2793 367 2823 corr.
398 2781 541 2824 habeat
582 2807 633 2813 —
676 2780 730 2823 62
760 2793 877 2825 sacra
907 2794 1019 2825 111030
1051 2807 1101 2814 —-
1146 2782 1199 2826 66
1230 2783 1341 2825 uultu
1370 2807 1423 2813 —
1454 2783 1569 2837 signa
1597 2780 1744 2824 doloris
1777 2806 1827 2812 —
1861 2779 1915 2823 72

267 2846 417 2890 faueas.
446 2860 571 2903 marq.
603 2860 630 2891 a
658 2860 738 2892 rec.
768 2861 818 2891 m.
851 2848 994 2892 faueat.
1038 2873 1090 2880 -
1132 2849 1185 2892 73
1217 2851 1343 2904 posito
1374 2852 1492 2905 capit.
1521 2851 1776 2903 superscript.
1806 2850 1916 2889 socio

266 2937 319 2943 —
351 2914 406 2955 80
436 2918 559 2956 attulit
589 2920 676 2968 ipse
710 2941 760 2947 —
792 2917 847 2958 82
878 2921 1023 2968 pressit
1052 2919 1208 2959 humum
1250 2942 1303 2948 —
1344 2919 1397 2962 85
1428 2920 1612 2972 paracior
1641 2943 1694 2956 -.
1732 2915 1785 2960 86
1815 2927 1915 2958 sua-

266 2983 371 3027 deat.
402 2983 470 3027 illa
490 2989 602 3038 gerat
630 3010 684 3017 —
716 2982 769 3029 96
790 2982 940 3040 inquid.
968 3009 1021 3016 —
1054 2983 1109 3029 97
1130 2985 1298 3041 iguocite
1321 3013 1371 3018 ——
1395 2984 1476 3030 105
1503 2986 1662 3042 antiquo
1695 3009 1744 3016 —
1776 2983 1915 3027 hilerni

268 3076 316 3081 —
351 3050 434 3094 108
461 3062 535 3093 nec
563 3054 769 3107 quicquam
801 3077 854 3084 —
889 3052 970 3094 107
1000 3055 1156 3108 nimphe
1185 3065 1332 3110 granen
1373 3079 1422 3085 -
1456 3056 1532 3097 151
1566 3067 1715 3108 granen
1746 3079 1798 3085 —
1832 3055 1912 3095 113
