2134 3454
753 213 808 222 -
862 184 922 236 47
977 212 1034 222 ..-

194 308 370 361 cheae
409 307 749 360 Tmen-mis.
1015 307 1191 360 Codex
1224 307 1551 359 Monacensis
1584 307 1658 357 II.

129 395 159 435 9
184 394 269 434 illic
931 393 1031 434 istic

106 461 155 502 11
185 459 411 515 signancia
933 457 1156 513 signancia

106 525 160 567 12
186 525 348 579 premia
933 525 1078 577 prima.
1106 525 1184 564 sed
1209 537 1317 566 corr.

107 592 160 634 17
188 592 358 633 dederis
386 592 427 632 in
935 588 1188 643 dederisque
1217 591 1274 643 in,
1304 603 1331 629 a
1358 591 1402 632 2.
1430 602 1483 632 m.

104 657 160 699 24
187 658 345 713 ingenii
934 654 1105 709 imgenii

104 724 160 766 25
187 725 326 766 silicet
346 731 391 766 ut
411 725 478 766 fas
500 731 578 769 est.
615 726 662 768 V.
679 739 776 778 pay.
792 725 867 768 31.
933 722 1100 763 scilicet
1128 728 1173 763 ut
1201 723 1270 764 fas
1299 730 1367 764 est

187 793 245 831 ad
270 805 307 835 v.
335 790 440 831 167.

103 859 155 900 41
187 858 344 899 tercius
934 856 1091 897 tercius

105 923 160 966 46
187 924 373 966 officium
935 921 1121 963 officium

104 988 160 1029 55
188 988 387 1030 nendicat
934 986 1133 1029 uendicat

105 1055 162 1096 57
190 1054 270 1096 deo
300 1062 418 1097 caret
936 1059 1054 1095 caret
1082 1053 1178 1108 deo,
1208 1057 1286 1095 sed
1311 1070 1417 1097 corr.

105 1120 162 1162 60
191 1119 343 1163 damna
935 1120 1117 1174 dampna

106 1187 159 1229 61
190 1187 272 1228 hec
300 1188 385 1230 tibi.
414 1202 440 1227 a
468 1202 503 1231 r.
529 1202 580 1231 m.
610 1189 691 1230 hec
721 1188 818 1229 mihi
935 1185 1016 1227 hec
1045 1187 1117 1227 tibi

192 1255 391 1297 herencia
935 1253 1135 1294 herencia

105 1321 161 1363 63
191 1322 372 1363 faustum
404 1344 456 1350 —-
485 1321 655 1361 nunciat
938 1317 1093 1358 fastum
1123 1341 1175 1348 -—
1205 1319 1376 1360 nunciat

106 1387 164 1428 64
192 1387 349 1441 primus
936 1385 1110 1438 primum

108 1452 164 1493 65
192 1452 351 1494 bifrons
416 1449 418 1451 ’
936 1451 1111 1504 bifrons,
1142 1464 1169 1489 a
1196 1451 1236 1493 1.
1266 1464 1319 1493 m.

107 1518 163 1558 68
190 1520 284 1559 ocia
314 1542 364 1549 —-
395 1520 490 1559 ocia
937 1518 1032 1557 ocia
1061 1541 1113 1546 —-
1142 1518 1236 1558 ocia

108 1584 164 1626 72
192 1586 302 1627 bona
330 1591 429 1627 sunt
457 1586 567 1626 bona
937 1583 1045 1624 bono
1077 1589 1176 1625 sunt
1204 1584 1314 1625 bona

108 1651 164 1691 76
192 1651 368 1694 falesca.
395 1665 525 1702 mary.
553 1665 630 1694 ar.
644 1665 697 1694 m.
724 1652 870 1692 silisca
937 1649 1126 1701 phalisca
1154 1652 1200 1690 in
1228 1663 1382 1690 rasura

109 1716 165 1757 77
193 1717 438 1772 templorum
938 1715 1170 1769 tenplorum

110 1783 166 1824 82
194 1785 466 1836 conspicuum
939 1783 1197 1836 conspicium

110 1848 166 1891 83
192 1847 320 1890 rudes
357 1861 528 1902 operum
563 1850 768 1902 praebent
798 1850 874 1893 fer.
938 1848 1065 1890 rudes
1095 1851 1201 1890 tauri
1230 1849 1374 1903 praeb.
1403 1848 1480 1890 fer.
1508 1849 1649 1889 securi

193 1926 360 1955 iuuenci

110 1979 166 2021 85
193 1980 274 2033 iup.
321 1992 422 2021 arce
468 1992 547 2021 sua
596 1986 726 2021 totum
777 1993 872 2021 cum
939 1982 1020 2034 iup.
1044 1994 1144 2021 arce
1168 1994 1248 2022 sua
1271 1989 1403 2023 totum
1428 1995 1522 2023 cum
1547 1988 1728 2036 spectat.

195 2050 365 2100 spectat
1047 2061 1083 2091 v.
1111 2062 1193 2092 scr.
1222 2053 1390 2102 spectet

111 2112 167 2153 95
194 2118 294 2153 tunc
939 2119 1038 2154 tunc

111 2179 167 2220 96
194 2184 358 2231 tepens.
387 2191 493 2220 corr.
521 2192 548 2217 a
576 2191 611 2220 r.
636 2191 688 2221 m.
718 2191 873 2230 repens
940 2179 1082 2219 serens

87 2243 168 2286 102
195 2243 366 2299 percipe
942 2245 1108 2299 excipe,
1138 2260 1166 2285 α
1193 2246 1235 2289 1.
1262 2260 1315 2290 m.

89 2309 169 2353 106
195 2321 307 2365 aqua
336 2314 380 2350 et
407 2309 532 2350 tellus
940 2323 1049 2366 aqua
1080 2317 1124 2352 et
1152 2312 1278 2354 tellus

87 2377 168 2420 109
196 2378 362 2419 flamma
389 2376 495 2430 petit
523 2376 659 2417 celum
940 2379 1066 2420 altum
1095 2378 1266 2420 flamma
1294 2380 1400 2434 petit

89 2443 169 2486 112
195 2443 464 2497 membraque
495 2441 624 2497 digna
939 2444 1208 2499 membraque
1238 2445 1367 2501 digna

88 2507 169 2551 113
196 2508 374 2551 confuse
404 2509 596 2563 quoniam
941 2509 1117 2551 confuse
1146 2512 1353 2565 quoniam.
1380 2526 1417 2555 v.
1447 2512 1474 2552 l,
1504 2509 1683 2550 confuse

941 2575 1148 2631 quondam

88 2641 169 2684 117
195 2653 311 2683 mare
340 2641 479 2682 nubila
507 2647 644 2683 terras
941 2653 1055 2682 mare
1084 2641 1225 2684 sidera
1255 2648 1389 2684 terras

88 2707 169 2750 122
196 2720 272 2761 per
300 2712 415 2750 tutas
939 2713 1169 2761 perpetuas

89 2773 169 2815 126
197 2778 240 2815 et
268 2772 378 2816 redit
941 2779 984 2816 et
1012 2771 1122 2815 redit

88 2840 168 2881 127
196 2842 363 2880 cereale
941 2841 1109 2882 cereale
1139 2854 1166 2879 a
1193 2841 1234 2883 1.
1260 2853 1313 2883 m.

89 2905 169 2948 129
196 2907 405 2961 patulcius
940 2905 1141 2961 patultius

90 2973 170 3015 1³0
198 2974 384 3015 clausiue
941 2974 1128 3015 clausius
