2119 3488
1000 187 1284 238 ..36-

404 311 581 363 Codex
614 312 935 362 Petavianus
967 314 1011 361 Ι.

310 396 391 438 174
418 401 727 451 taygetemque

311 462 390 504 175
419 462 583 516 sisiphe

311 530 387 571 181
419 528 590 570 inflecto

311 597 392 639 184
421 597 523 638 tinn.
555 608 657 636 aera

312 663 388 704 191
421 661 503 703 dea
532 674 658 716 quam
687 662 796 704 scite
828 660 938 703 doct.

308 728 392 770 200
420 729 671 768 immensam

308 793 389 836 201
421 804 560 846 neque
592 805 772 847 unquam

309 860 393 901 209
421 859 614 899 manibus

310 926 395 967 223
422 930 560 978 spect.
589 925 701 976 aptis

310 993 395 1036 224
424 996 545 1035 casto
575 990 709 1033 uinxit

310 1059 391 1101 231
422 1059 532 1100 uoln.

311 1125 394 1168 237
423 1126 493 1167 illa
517 1124 644 1166 etiam

311 1190 395 1232 240
422 1190 478 1231 ha
506 1196 684 1244 pereant

312 1258 391 1299 241
424 1257 480 1298 ha

312 1323 396 1365 247
423 1327 594 1364 moneat
622 1333 773 1376 precor

312 1390 397 1432 249
425 1388 524 1429 iden

313 1458 394 1499 261
426 1457 545 1499 obsc.
573 1460 742 1498 sortes:
769 1461 915 1508 patres

313 1522 397 1565 263
424 1521 635 1564 arcessite

312 1588 397 1630 269
426 1601 481 1628 ne
509 1587 566 1629 sit

313 1654 397 1697 280
426 1660 470 1694 et
499 1653 683 1694 tenedon
713 1657 883 1692 ueteres
923 1658 967 1692 et
1002 1652 1108 1692 iouis

425 1732 532 1774 opes

313 1787 397 1829 282
426 1797 623 1841 quaeque

312 1853 396 1895 285
423 1858 526 1895 tunc

312 1921 397 1962 286
425 1919 596 1961 ueneris

313 1989 397 2029 288
426 1986 759 2040 acmonidesque
788 1991 942 2028 sonant

314 2053 401 2096 306
428 2053 524 2095 nob.
554 2052 611 2092 fui

313 2118 397 2161 307
425 2130 509 2158 non
539 2124 583 2158 et
613 2117 790 2171 credita,
821 2122 925 2157 teate
956 2117 1092 2159 Gran.

314 2186 398 2228 309
427 2190 602 2226 ornatus
633 2197 670 2226 u.
700 2198 741 2238 p.
775 2185 952 2237 capillos

317 2318 401 2361 310
427 2318 573 2373 lingua
602 2330 733 2360 senes

315 2451 399 2492 317
428 2451 528 2491 uolt.

315 2516 399 2557 326
427 2515 506 2557 sed
536 2521 580 2555 et
610 2527 745 2556 scena

315 2581 399 2624 335
427 2582 597 2636 puppim
629 2587 672 2621 et
700 2581 794 2621 sine
829 2581 924 2622 labe

314 2650 400 2690 349
429 2662 546 2689 ωσι-ει
574 2649 631 2688 sit

315 2714 400 2756 353
429 2714 623 2756 conuiuia
653 2713 859 2769 quaedam

316 2781 400 2823 362
428 2786 546 2822 tanto
576 2794 602 2821 a

318 2848 400 2889 405
429 2848 605 2888 chalibis
633 2848 717 2888 iam
747 2859 892 2888 massa

319 2913 402 2954 406
429 2914 538 2954 eheu

319 2979 402 3020 407
431 2992 554 3021 ceres
581 2981 703 3021 laesa
736 3005 784 3011 —
817 2987 934 3021 orate

1292 310 1470 362 Codex
1512 311 1850 361 Treverensis.

1171 396 1445 450 taigetenque

1171 463 1331 516 sisiphe

1170 527 1325 568 inflexo

1172 595 1272 637 tinn.
1301 608 1374 635 ere

1172 660 1253 702 dea
1284 674 1408 715 quam
1437 662 1545 703 scite
1576 660 1703 703 docta

1172 740 1418 767 immensam

1174 804 1255 833 nec
1283 804 1466 846 unquam

1172 858 1366 898 manibus

1172 930 1307 976 spect.
1339 925 1436 964 altis

1175 995 1297 1032 casto
1326 988 1459 1031 iunxit

1172 1057 1284 1097 uuln.

1172 1124 1241 1163 ille
1271 1123 1397 1163 etiam

1172 1189 1227 1228 ha
1256 1194 1434 1241 pereant

1175 1255 1229 1295 ha

1174 1333 1349 1362 moneas
1378 1333 1528 1374 precor

1174 1386 1271 1428 iden
1422 1432 1428 1437 ,

1174 1454 1291 1497 obsc.
1319 1441 1460 1496 sortes
1489 1460 1635 1508 patres

1174 1521 1382 1562 arcessite

1174 1599 1228 1627 ne
1257 1588 1313 1628 sit

1176 1652 1358 1694 tenedon
1386 1660 1429 1694 et
1454 1659 1625 1694 ueteres
1650 1652 1843 1693 eticionis
1859 1664 1965 1705 opes

1177 1799 1342 1841 quaque

1176 1858 1278 1893 tunc

1176 1919 1321 1960 ueneri
1356 1942 1403 1948 -
1433 1918 1592 1960 cithera

1178 1984 1509 2039 acmonidesque
1538 1985 1677 2025 solent

1178 2053 1272 2094 nob.
1302 2052 1379 2092 fuit

1178 2131 1261 2158 non
1291 2124 1334 2157 et
1364 2117 1523 2157 credita

1179 2191 1222 2225 et
1256 2189 1428 2224 ornatos
1466 2197 1503 2223 u.
1544 2183 1737 2237 prodisse
1776 2184 1965 2236 capillos,

1286 2263 1497 2303 superscr.
1520 2249 1736 2302 posuisse,
1762 2263 1790 2288 a
1811 2264 1893 2292 rec.
1916 2264 1968 2293 m.

1178 2318 1320 2373 lingua
1349 2330 1492 2360 senes.
1528 2315 1582 2370 0,
1613 2318 1728 2370 quod
1753 2330 1780 2356 a
1808 2331 1889 2360 rec.
1917 2332 1968 2361 m.

1287 2397 1497 2438 super-vor.
1527 2388 1631 2434 erat,
1661 2384 1795 2424 deleto

1179 2452 1277 2492 uult.

1179 2515 1255 2557 sed
1286 2522 1329 2557 et
1358 2528 1465 2557 cena

1179 2595 1331 2636 pupem
1362 2584 1455 2623 sine
1484 2582 1579 2622 labe

1179 2661 1296 2688 mora
1325 2650 1395 2702 sit,
1437 2663 1463 2688 α
1492 2663 1573 2690 rec.
1601 2662 1653 2690 m.
1681 2660 1894 2699 superscr.
1923 2647 1968 2687 fit

1180 2714 1371 2755 conuiuia
1402 2726 1558 2769 quaero

1179 2786 1339 2820 tantum
1370 2793 1395 2820 a

1180 2847 1328 2888 calibis
1356 2847 1438 2887 iam
1467 2860 1612 2887 massa

1181 2913 1289 2954 eheu

1180 2993 1304 3021 ceres
1333 2980 1433 3033 leta,
1474 2984 1618 3033 priore
1654 2992 1735 3023 scr.
1764 2995 1887 3021 erasa
1917 3005 1966 3012 -

1290 3053 1410 3088 orate
