2119 3488
1047 156 1329 205 -50-

479 277 655 329 Godeoe
694 277 1038 328 Treverorum,
1294 279 1469 332 Codex
1501 278 1828 330 Monacensis
1860 279 1935 330 ΙΙ.

364 364 397 415 Ι,
428 362 511 405 322
539 363 683 404 iussus
713 363 801 416 agit
1225 366 1366 405 iussus
1396 370 1498 417 agat

361 428 446 470 327
474 442 528 470 an
558 429 656 483 quia
1224 437 1297 471 aut
1326 430 1422 484 quia

361 494 447 536 328
475 496 569 548 ipsa
1224 499 1317 552 ipsa

360 560 445 602 329
473 574 574 614 pars
590 562 717 602 etiam
737 561 827 602 fieri
849 561 997 604 solitis.
1025 574 1157 611 mar-9.
1224 576 1323 618 pars
1352 562 1479 603 etiam
1509 561 1598 601 fieri
1626 561 1778 614 solitis,
1808 574 1835 600 a
1862 562 1906 602 2.
1935 573 1988 603 m,

471 642 498 667 a
526 643 563 670 r.
591 641 642 669 m.
673 627 741 668 fas

358 692 438 734 331
473 699 516 734 et
545 695 660 747 prius
1224 704 1267 739 et
1295 697 1409 751 prius

358 759 443 800 336
471 760 665 800 hostibus
695 771 721 798 a
750 759 917 799 domitis
1223 764 1415 804 hostibus
1445 760 1626 802 admotis

359 824 443 866 339
471 826 621 866 mitras
650 849 703 856 —
732 824 809 866 341
843 825 1033 866 eufrates
1222 831 1370 871 min-as
1400 851 1451 858 -
1480 827 1559 869 341
1593 827 1784 867 eufrates

359 891 442 932 344
470 891 623 932 adusta
653 903 757 932 sono
1222 896 1374 937 adusta
1405 895 1517 944 foco,
1548 907 1574 934 a
1601 893 1642 936 1.
1670 906 1720 933 m.

359 957 444 999 353
472 971 606 1011 penas
1221 976 1356 1016 penas

357 1022 442 1064 354
471 1024 730 1065 abstinuisse
1220 1028 1475 1071 abstinuiste

358 1089 443 1131 359
471 1103 569 1131 mox
596 1097 650 1133 et.
680 1105 705 1130 a
729 1105 762 1133 r.
792 1105 842 1133 m.
872 1103 1083 1142 superarer,
1114 1092 1153 1131 ul
1221 1108 1358 1136 noxae
1369 1108 1448 1147 pro
1463 1108 1566 1143 v.s.,
1599 1104 1696 1133 mox
1710 1095 1818 1131 esta
1838 1089 1879 1133 1.
1893 1103 1945 1132 m.
1962 1111 2011 1117 —

469 1169 580 1197 noxe

357 1222 442 1264 360
470 1223 620 1264 afusso
649 1248 701 1253 —
1221 1229 1361 1282 afuso,
1392 1227 1474 1270 a1.
1489 1240 1542 1270 m.
1571 1231 1615 1266 et
1644 1225 1756 1278 fuso,
1786 1237 1812 1263 a
1830 1224 1874 1266 2.
1892 1235 2012 1265 m.—

358 1288 442 1330 363
470 1289 581 1342 quod
613 1302 718 1343 apes
1222 1294 1332 1349 quod
1364 1307 1466 1347 aper

357 1354 442 1394 367
471 1354 625 1395 damna
1221 1360 1404 1414 dampna

357 1420 442 1463 373
471 1422 743 1463 transformat
773 1429 816 1462 et
845 1423 995 1464 alterat
1221 1427 1495 1468 transformat
1524 1431 1566 1464 et
1597 1424 1749 1463 alterat

358 1487 442 1528 376
469 1501 646 1542 repares
677 1501 714 1531 a.
745 1502 775 1531 r.
805 1502 912 1542 apes
1222 1504 1395 1545 rapares
1425 1504 1451 1531 a
1481 1503 1512 1532 r.
1542 1501 1651 1542 apex

357 1554 437 1595 381
470 1556 610 1608 pascit
640 1555 730 1595 ouis
761 1562 924 1608 pratum
1220 1558 1360 1611 pascit
1389 1557 1481 1597 ouis
1510 1560 1673 1608 pratum

356 1619 442 1661 382
473 1620 552 1661 diis
1221 1623 1302 1664 diis

356 1686 442 1728 383
470 1689 547 1727 tuti
577 1712 629 1716 ——
659 1688 823 1729 animas
1221 1690 1296 1730 tuti
1326 1689 1366 1732 1.
1394 1702 1446 1728 m.
1475 1690 1601 1730 omitt.
1631 1709 1682 1715 -—
1713 1685 1876 1726 animas

356 1753 439 1794 385
467 1755 611 1806 placat
640 1767 750 1807 equo
780 1755 919 1808 persis
942 1777 992 1783 -—
1023 1752 1150 1805 hiper.
1220 1757 1363 1809 placat
1392 1755 1531 1808 persis
1560 1766 1668 1807 equo
1698 1777 1751 1783 —
1778 1765 1896 1805 yper.

355 1818 439 1859 387
467 1819 577 1873 quod
608 1820 757 1873 triplici
788 1821 922 1860 semel
953 1824 1020 1859 est
1049 1831 1123 1871 pro
1220 1822 1328 1875 quod
1359 1820 1509 1874 triplici
1538 1820 1670 1861 semel
1700 1825 1769 1859 est
1795 1831 1871 1871 pro

354 1884 438 1926 389
466 1885 626 1926 sabeos
655 1908 707 1915 —
736 1885 821 1926 393
851 1885 973 1926 bachi
1219 1888 1376 1928 sabeos
1406 1910 1459 1917 -—-
1487 1884 1571 1927 393
1599 1884 1722 1925 bachi

352 1949 437 1991 394
465 1952 599 1992 tercia
629 1974 684 1982 -—·
711 1950 795 1992 395
824 1952 1001 1993 dii-licei
1219 1954 1350 1994 tercia
1387 1977 1433 1982 —
1462 1951 1546 1993 395
1569 1949 1745 1990 dii-licei

353 2017 437 2058 399
466 2019 640 2058 sillenus
1218 2021 1409 2073 silienus,
1440 2032 1465 2058 a
1494 2018 1535 2060 1.
1563 2031 1617 2059 m.
1646 2018 1724 2056 sed
1749 2029 1857 2058 corr.

352 2083 436 2125 400
465 2085 534 2138 qui
563 2084 770 2138 rubroque
801 2083 950 2125 auidas
1219 2085 1287 2138 qui
1315 2086 1524 2138 rubroque
1554 2083 1703 2124 auidas

352 2149 435 2190 402
464 2151 703 2191 accubuere
733 2150 865 2191 thoris
1218 2152 1429 2192 acubuere
1459 2152 1590 2192 thoris

352 2215 437 2257 405
466 2216 645 2258 naiades
1218 2218 1384 2274 naydes

351 2281 435 2322 406
464 2282 612 2323 aderat
1217 2285 1365 2326 aderat

351 2349 429 2388 411
465 2351 589 2389 micia
1217 2352 1340 2391 micia

350 2415 434 2455 412
462 2420 654 2469 tempora
1217 2417 1393 2470 timpora

350 2482 433 2521 413
462 2483 611 2521 silleue
644 2505 691 2510 —-
724 2481 808 2521 433
836 2483 970 2521 silleni
1216 2484 1362 2522 silleue
1391 2505 1445 2511 —-
1474 2482 1609 2522 silleni

350 2548 434 2589 417
463 2547 557 2589 sola
586 2561 703 2600 susp,
733 2549 772 2588 in
804 2549 869 2588 ina
1215 2550 1347 2588 solam
1377 2561 1494 2601 susp.
1526 2550 1565 2588 in
1597 2550 1706 2588 illam

350 2615 433 2655 420
463 2615 578 2654 uultu
1215 2615 1330 2654 uultu

350 2681 430 2721 421
462 2694 654 2722 somnum
1215 2692 1433 2733 sompnum

349 2747 433 2788 427
461 2747 629 2801 nimphe
1214 2746 1382 2799 nimphe

350 2813 432 2854 428
460 2814 555 2867 ipse
1213 2813 1306 2866 ipse

351 2879 433 2919 432
462 2887 638 2933 ceperat
1213 2884 1388 2932 ceperat

350 2946 433 2988 436
460 2948 582 2988 reicit
1212 2946 1331 2987 reicit

351 3012 436 3054 437
464 3013 628 3054 obcena
665 3012 758 3052 Vid.
789 3025 921 3064 supra
950 3013 987 3061 I,
1018 3011 1095 3054 62.
1135 3031 1137 3033 ·
1212 3012 1399 3052 obscena
