2134 3454
273 220 448 274 Codex
488 221 830 272 frma-emis.
1085 219 1263 271 Codex
1295 219 1620 270 Monacensis
1653 219 1727 271 ΙΙ.

155 307 228 359 ΙΙΙ,
259 306 343 347 466
371 306 500 346 uincit
537 330 591 337 —
626 306 680 345 ab
709 306 810 346 orbe
838 305 947 346 redit
1012 304 1142 344 uincit
1172 328 1221 335 —-
1252 304 1306 344 ab
1336 304 1438 344 orbe
1468 305 1583 342 uenit

154 371 236 412 468
263 371 401 413 bacho
1011 371 1147 412 bacho

154 438 237 480 469
266 438 544 492 spaciataque
576 461 624 468 —-
655 438 775 478 litore
1011 437 1291 491 spaciataque
1324 459 1367 465 —
1402 435 1522 476 litore

158 505 238 546 477
266 517 364 546 mea
393 517 489 546 sors
1012 516 1107 543 mea
1136 504 1241 557 sors,
1271 518 1310 545 v.
1338 517 1373 546 ε.
1401 515 1497 544 sors

154 571 233 612 481
263 571 346 612 482
373 571 452 612 501
485 569 621 612 bache
1012 568 1147 610 bache

155 637 234 677 481
267 638 445 690 timpora
1011 635 1188 687 timpora

154 702 238 743 482
267 702 438 756 cognite
1012 700 1200 755 cognita,
1229 715 1281 744 m.
1308 700 1350 744 1.

154 768 240 810 483
267 768 406 822 pelice
1012 767 1148 820 pelice

153 835 236 876 484
263 835 368 876 thor.
1011 834 1115 876 thor.

154 900 237 941 485
266 900 372 940 heus
402 899 470 939 ubi
1010 901 1116 941 heus
1146 900 1215 940 ubi

153 966 236 1007 486
265 966 468 1020 quociens
496 989 550 995 —
579 965 724 1018 loquor
1010 966 1213 1020 quociens
1243 988 1294 995 —-
1328 966 1474 1018 loquar

154 1030 237 1071 488
265 1030 417 1071 iudicio
1009 1031 1178 1084 indicio,
1208 1044 1261 1074 m.
1288 1032 1330 1073 1.

154 1096 236 1137 489
263 1096 429 1136 nesciat
462 1096 544 1137 hoc
572 1119 626 1125 —
1010 1100 1178 1138 nesciat
1204 1098 1287 1138 hec
1315 1121 1368 1128 —

265 1161 394 1204 dolor.
424 1168 516 1202 utar
1011 1162 1137 1203 dolor.
1167 1169 1261 1204 utar

155 1227 236 1269 490
265 1228 430 1269 tociens
1010 1229 1175 1269 tociens

154 1292 237 1334 493
265 1299 310 1333 ut
337 1299 438 1346 puto
467 1315 520 1322 —
549 1294 676 1346 pelex
1010 1300 1055 1334 ut
1082 1300 1183 1347 puto
1215 1317 1264 1323 --
1296 1295 1421 1347 pelex

154 1359 237 1399 497
264 1360 401 1400 bache
1010 1360 1145 1401 bache

148 1424 236 1472 Ἴ498
265 1427 371 1469 coni.
400 1427 571 1467 assueui
1010 1425 1116 1468 coni.
1144 1425 1331 1467 assuetis

152 1489 237 1530 500
263 1503 331 1530 me
359 1493 475 1531 iuuat
508 1498 550 1531 et
579 1493 680 1532 ledit
1009 1506 1075 1531 me
1105 1493 1220 1532 iuuat
1250 1499 1293 1532 et
1322 1492 1424 1532 ledit

153 1555 232 1597 501
265 1571 403 1612 neque
432 1559 541 1599 enim
572 1582 623 1588 —
1008 1570 1091 1599 nec
1120 1557 1229 1599 enim
1259 1581 1314 1589 -

263 1624 444 1664 nocebat
1009 1625 1193 1678 nocebit,
1224 1624 1265 1666 1.
1292 1639 1344 1667 m.

152 1686 236 1727 507
265 1688 346 1732 dix.
376 1690 567 1731 audierat
1010 1691 1092 1733 dix.
1121 1690 1311 1731 audierat

153 1754 237 1796 508
264 1756 367 1796 liber
396 1764 440 1797 ut
469 1770 496 1798 a
1009 1757 1113 1797 liber
1142 1763 1186 1798 et
1214 1770 1240 1798 a

153 1819 232 1860 511
264 1821 383 1862 thoro
1010 1824 1128 1864 thoro

153 1890 236 1930 514
264 1891 332 1931 illa
361 1890 433 1930 tibi
1009 1889 1076 1929 illa
1105 1889 1203 1929 mihi

152 1958 236 1999 517
264 1957 436 1998 totidem
466 1970 561 1998 cum
590 1957 749 2000 deserit
1011 1958 1183 1999 totidem
1213 1970 1307 2000 cum
1338 1959 1496 2001 deserit

152 2023 236 2066 522
264 2025 447 2079 accipiat
1009 2025 1192 2078 accipiat

152 2090 236 2133 523
262 2092 476 2144 perhenne
1008 2093 1252 2145 perhennae

152 2155 237 2198 524
263 2169 345 2197 non
374 2157 517 2209 procul
1009 2170 1091 2198 non
1119 2159 1264 2212 procul

151 2222 235 2263 527
263 2228 410 2264 tentor.
440 2230 598 2276 ponunt
846 2275 848 2277 ι
1007 2232 1157 2269 tentor.
1187 2227 1323 2281 figunt
1352 2242 1390 2270 v.
1417 2242 1500 2271 scr.

151 2289 235 2329 529
263 2295 451 2329 statuere
481 2290 560 2331 col.
1007 2306 1189 2346 posuere
1219 2295 1296 2336 col.

152 2354 236 2397 532
262 2360 431 2396 sumant
461 2354 587 2396 ciath.
1007 2366 1218 2400 sommant
1246 2360 1372 2403 ciath.

152 2420 236 2462 534
264 2421 398 2462 sibilla
1007 2426 1145 2465 sibilla

152 2485 235 2527 537
262 2487 400 2540 posito
429 2488 581 2542 longas
1008 2494 1145 2545 posito
1175 2492 1345 2546 longas,
1384 2507 1421 2535 v.
1450 2508 1531 2535 scr.
1573 2519 1617 2525 -—
1658 2499 1797 2550 posito

1115 2559 1270 2612 laetas,
1309 2572 1350 2598 m
1385 2561 1427 2601 2.
1466 2561 1602 2611 posito
1642 2564 1795 2620 lectas,

1116 2639 1143 2664 a
1170 2625 1211 2668 1.
1238 2638 1291 2667 m.

151 2683 235 2724 544
263 2690 330 2725 est
361 2688 560 2725 omissum
1007 2703 1101 2730 meo
1131 2697 1198 2731 est

151 2750 234 2791 547
262 2752 602 2806 compositusque
632 2753 742 2807 ignis
1007 2757 1350 2812 compositusque
1378 2760 1506 2815 ignis,
1538 2777 1573 2803 v.
1602 2778 1637 2805 ε.

150 2816 236 2858 553
264 2817 458 2858 thalamis
487 2824 627 2859 tamen
657 2821 787 2873 inquit
1006 2823 1173 2864 talamis
1203 2822 1259 2864 t’n
1288 2825 1429 2879 inquid

150 2882 234 2923 556
262 2884 419 2924 amisso
1006 2890 1223 2943 ammisso,
1253 2904 1295 2929 m
1322 2892 1363 2934 1.

151 2948 234 2990 558
262 2950 393 2990 tercia
1006 2955 1138 2996 tercia
