2086 3454
742 133 1020 181 ...31-

153 257 328 309 Codea:
361 257 676 307 Petavianus
708 257 752 305 Ι.
1031 254 1205 306 Codeoe
1243 253 1583 305 Treverensi3.

54 341 137 383 793
165 343 403 395 ferrumque
433 342 613 382 lucrecia
913 340 1065 380 ferrum
1095 340 1279 380 lucrecia

53 406 136 447 794
167 409 311 461 loquor
913 419 1039 447 uocor

55 473 140 513 816
167 486 304 527 quoue
332 474 388 513 sit
417 473 501 513 icta
531 473 653 512 modo
912 485 1078 525 quoque
1106 472 1162 511 sit
1191 472 1276 512 icta
1305 471 1414 511 malo

54 538 138 579 817
166 539 317 579 retinet
912 538 1061 579 reticet

54 603 138 644 822
166 604 312 645 oculos
340 604 449 645 idem
912 605 1058 645 oculos
1088 603 1182 643 ideo

56 669 140 710 836
167 670 426 712 semianimis
912 671 1146 711 semianimi

55 736 139 777 847
168 738 316 778 uolnus
911 738 1064 778 uulnus

55 801 139 842 856
167 815 249 856 que
279 804 364 844 cito
394 803 546 844 iunctis
912 817 994 858 que
1022 805 1131 845 citos
1159 803 1312 844 iunctis

55 867 139 908 858
167 870 369 923 prospicit
398 885 425 910 a
453 871 493 913 1.
521 883 572 911 m.
912 871 1113 924 prospicit

56 932 139 973 860
168 935 326 975 mensis
361 943 451 977 erat
913 937 1071 977 mensis
1101 936 1224 976 adest

57 1133 174 1187 111‚5
201 1133 351 1187 peragi
381 1132 573 1173 manibus
911 1133 1103 1173 manibus
1132 1132 1281 1186 peragi

109 1199 138 1239 6
165 1212 263 1240 num
913 1212 993 1240 nec

110 1266 138 1305 8
166 1272 210 1306 et
238 1264 349 1319 quod
913 1272 956 1305 et
985 1264 1082 1318 quid

110 1331 139 1371 9
166 1337 267 1372 tunc
913 1337 1013 1371 tunc

89 1397 139 1438 10
168 1397 280 1450 cepit
310 1402 352 1437 et
383 1396 478 1436 huic
913 1398 1027 1450 cepit
1056 1402 1099 1436 ut
1127 1396 1224 1436 huic

83 1462 139 1504 37
168 1463 311 1516 stipite
340 1473 537 1516 pugnans
912 1463 1055 1517 stipite
1084 1468 1276 1517 pugnant

84 1529 139 1568 44
167 1530 249 1569 iam
278 1542 355 1569 sua
386 1528 506 1583 signa
913 1530 993 1569 iam
1025 1528 1106 1568 duo
1136 1527 1262 1583 signa

83 1595 139 1634 65
167 1596 385 1636 audierunt
914 1596 1133 1636 audierant

83 1661 140 1701 66
166 1663 315 1715 paucis
914 1663 1062 1715 paucis

84 1727 140 1768 76
169 1729 328 1769 mensis
360 1728 442 1769 eris
913 1729 1073 1769 mensis
1102 1728 1180 1767 erit

83 1793 136 1833 81
169 1793 335 1834 dianau.
915 1794 1079 1834 dianam

84 1858 140 1900 82
168 1861 274 1904 uolo.
914 1861 1020 1901 uulc.

84 1925 139 1966 93
168 1926 414 1979 aequiculus
444 1938 572 1978 asper
914 1927 1096 1980 equirius
1127 1939 1228 1967 acer

84 1992 140 2033 96
169 1999 343 2046 quartus
373 1999 547 2045 uterque
915 1999 1085 2047 quartus
1114 2000 1290 2046 uterque

63 2058 142 2099 112
170 2060 423 2100 constabant
459 2056 538 2099 sed
577 2063 717 2096 tamen
748 2069 847 2097 esse
915 2060 1139 2101 constabat
1177 2058 1255 2100 sed
1293 2065 1432 2100 tamen
1466 2072 1567 2101 esse
1597 2059 1703 2103 deos

170 2125 250 2166 deo

62 2190 142 2232 123
170 2190 313 2245 digitis
915 2191 1033 2245 digiti

62 2256 142 2297 127
169 2269 296 2310 pares
915 2271 1041 2312 pares

62 2321 137 2362 131
170 2321 420 2361 taticnsibus
915 2324 1161 2364 ticiensibus

61 2388 141 2430 140
169 2395 264 2429 tuas
293 2386 435 2428 itidem
576 2432 577 2435 ,
915 2397 1009 2434 tuas
1033 2390 1176 2442 itidem

61 2454 144 2495 145
173 2466 252 2495 nec
280 2460 352 2494 tua
384 2477 428 2483 —
463 2454 560 2494 hinc
589 2467 689 2495 esse
915 2469 994 2497 nec
1023 2457 1120 2496 mihi
1153 2480 1204 2486 —
1234 2458 1331 2498 hinc
1361 2469 1462 2498 esse

62 2521 141 2561 146
170 2533 316 2561 mense
344 2527 519 2574 repente
550 2521 645 2573 coli,
676 2535 702 2560 a
726 2523 767 2561 2.
794 2536 847 2564 m.
915 2535 1062 2563 mense
1091 2528 1265 2576 repente
1294 2524 1373 2564 coli

62 2587 141 2629 150
171 2589 211 2628 in
241 2599 413 2628 numero
916 2590 956 2629 in
986 2600 1174 2643 numero,
1204 2591 1579 2641 supersenaam.
1610 2591 1650 2630 ul
1678 2603 1703 2630 a

62 2655 141 2695 155
170 2656 297 2695 etiam
326 2666 437 2695 nunc
917 2657 1041 2696 etiam
1069 2662 1171 2696 tunc

62 2721 141 2762 164
171 2728 358 2776 tempora
389 2720 531 2775 quinta
916 2729 1104 2776 tempora
1134 2723 1275 2777 quinta

63 2788 142 2829 167
169 2789 334 2830 scilicet
363 2789 514 2830 occult.
916 2790 1055 2830 silicet
1083 2790 1234 2831 occult.
1273 2791 1366 2833 Vid.
1390 2804 1432 2842 p.
1461 2791 1536 2831 22.
1567 2804 1602 2831 υ.
1627 2790 1704 2831 25.

61 2854 142 2895 169
169 2854 345 2908 gradiue
373 2856 529 2896 uiribus
560 2861 684 2908 aptus
916 2855 1093 2910 gradiue
1122 2863 1165 2898 et
1191 2857 1346 2898 uiribus
1376 2863 1500 2910 aptus

63 2919 142 2958 176
170 2922 320 2975 solum,
355 2936 382 2961 a
409 2922 454 2964 1.
481 2935 533 2964 m.
916 2923 1049 2963 solam

63 2983 143 3023 189
171 2988 429 3038 spernebant
916 2990 1145 3042 spernebat
