2102 3454
827 163 1110 212 „45-

276 288 492 332 Bavarious
528 288 576 332 11.
637 288 866 345 „WerIerus
904 291 1068 331 testatus
1103 290 1170 334 ‚est
1196 286 1339 329 librum
1359 285 1494 329 ‘videri
1512 284 1673 328 ’saeculi
1706 284 1790 327 XII.

138 361 214 400 aut
237 358 358 400 etiam
387 357 454 401 XI.
496 361 536 400 et
575 357 724 400 habere
753 356 972 411 singularia
1001 361 1040 399 et
1068 356 1324 410 praestantia.
1358 391 1360 395 ,
1384 353 1490 396 Nihil
1520 352 1675 396 decedit
1704 354 1794 396 huic

144 425 252 469 laudi
280 428 380 469 iuter
419 426 599 469 codicum
629 437 805 468 meorum
837 425 1130 468 multitudinem.
1190 423 1271 466 Sed
1300 428 1430 465 tamen
1459 423 1592 476 incipit
1620 423 1700 474 (sic
1728 422 1793 475 77)

134 493 197 535 ‘ab
226 494 302 536 hoc
330 494 429 536 ordo
457 494 645 536 librorum
674 495 1012 549 secundariorum,
1051 495 1118 547 qui
1159 504 1287 546 neque
1322 493 1514 545 originem
1543 490 1794 544 peculiarem,

146 573 275 616 neque
313 568 381 605 aut
417 563 456 604 in
486 562 769 616 orthographia
808 566 874 605 aut
907 563 946 604 in
976 562 1181 616 scripturis
1211 564 1357 603 tantam
1388 570 1521 602 curam
1557 557 1795 613 praeierunt,

146 635 186 672 nt
207 637 398 684 perpetuo
423 632 468 672 vin
498 631 708 673 discrimen
738 634 914 672 veniant:
947 632 1148 673 mittuntur
1168 632 1206 671 in
1227 630 1456 682 suffragium
1476 628 1542 670 ubi
1567 626 1795 680 superiores

147 708 230 738 rem
261 696 474 740 destituunt
503 702 544 740 ut
574 698 634 753 Ill,
666 696 790 740 206.’·ι

277 763 552 818 Fragmentum
583 765 805 808 llteldeuse.
869 765 964 821 „Est
1004 766 1068 807 bic
1105 764 1204 807 liber
1233 765 1349 818 pretii
1379 763 1510 805 eximii
1538 766 1578 803 et
1607 759 1658 802 ab
1688 760 1793 802 omni

147 832 459 885 interpolationis
483 836 709 887 suspicione
729 834 892 876 alienus.
937 834 1013 876 Ubi
1043 845 1131 875 cum
1161 833 1374 874 Petaviano
1409 833 1436 872 l.
1467 830 1678 883 conspirat,
1705 832 1794 870 acta

146 911 213 942 res
242 905 303 943 est
331 902 368 942 in
400 912 514 943 omne
546 907 698 956 tempus
720 903 781 956 (‘?)
810 902 928 956 fitque
957 902 997 945 id
1027 913 1104 944 uon
1135 912 1240 943 raro.
1290 900 1367 943 Ubi
1399 900 1597 952 discrepat
1626 895 1677 938 ab
1708 895 1796 949 hoc,

147 979 212 1010 res
242 969 418 1011 nascitur
448 969 692 1012 difficillima:
723 976 907 1024 quantum
938 973 1037 1013 enim
1054 971 1259 1012 vetustatis
1286 968 1441 1011 decedit
1461 967 1660 1026 llteldensi
1681 975 1796 1007 com-

146 1037 306 1090 pensari
337 1037 440 1080 solet
467 1039 685 1090 scripturae
714 1049 790 1079 nou
822 1038 940 1081 dubia
970 1039 1220 1092 praestantia,
1263 1048 1379 1090 quam
1420 1037 1506 1079 sine
1536 1034 1794 1077 haesitatione

148 1105 383 1147 Petavianae
421 1106 587 1159 praetuli
625 1107 664 1147 iu
704 1106 918 1148 levioribus
947 1103 1288 1161 ,discriminibusfi
1332 1130 1382 1135 —
1422 1103 1545 1159 „Cum
1575 1100 1726 1144 Arund.
1758 1104 1797 1142 et

148 1174 265 1214 Voss.
296 1184 571 1226 nonnunquam
602 1175 874 1225 cognationem
904 1175 1036 1226 prodit
1065 1173 1297 1226 llleldeusiS,
1333 1177 1374 1213 ut
1406 1172 1467 1225 Ill,
1496 1172 1566 1213 81.
1597 1182 1658 1223 sq.
1690 1170 1795 1222 1043

149 1240 212 1295 lv,
243 1240 339 1283 368.
371 1241 466 1282 555.
527 1240 608 1282 Sed
644 1241 762 1294 longe
791 1241 917 1283 maior
947 1246 1008 1283 est
1038 1240 1257 1283 llteldeusis
1286 1239 1536 1282 necessitudo
1566 1250 1653 1282 cum
1682 1239 1796 1281 frau-

150 1308 418 1350 dulentissima
458 1308 650 1362 Italorum,
697 1309 875 1350 Vaticani
914 1308 954 1363 1.‚
995 1308 1292 1362 Zulichemiaui,
1336 1309 1588 1349 Mazariniani
1633 1303 1813 1349 familia(

149 1387 249 1430 quos
280 1387 366 1418 cum
397 1376 527 1418 multis
558 1381 596 1418 et
623 1378 867 1429 gravissimis
897 1378 936 1418 in
966 1376 1066 1418 locis
1094 1381 1249 1418 teneam
1281 1377 1371 1431 doli,
1402 1381 1547 1418 certum
1578 1381 1706 1417 tamen
1736 1379 1797 1417 est

149 1445 337 1498 originem
368 1444 514 1486 ducere
544 1455 568 1486 a
599 1445 737 1486 codice
767 1445 978 1499 singularis
1008 1451 1127 1487 notae
1148 1445 1317 1487 nondum
1348 1446 1584 1499 interpolato
1615 1450 1655 1487 et
1685 1445 1795 1487 tirel-

150 1512 261 1554 densi
291 1509 528 1554 simillimo.“
570 1535 623 1541 —
668 1513 735 1567 „ln
764 1513 815 1554 iis
854 1514 972 1566 igitur
1000 1515 1183 1555 carminis
1217 1514 1407 1568 partibus,
1437 1524 1541 1567 quae
1571 1517 1728 1554 exstant
1756 1513 1795 1552 in

150 1579 360 1634 llfeldensi,
389 1591 676 1634 saepenumero
707 1592 794 1623 cum
825 1582 900 1624 hoc
929 1582 1048 1624 etiam
1078 1582 1168 1625 illos
1199 1588 1360 1625 secutus
1388 1580 1511 1625 sum.“
1532 1581 1600 1636 (²¹⁶)

278 1648 493 1699 Bavaricus
537 1649 565 1689 Ι.
643 1649 765 1703 „Cum
811 1649 910 1690 liber
952 1651 1003 1691 sit
1046 1651 1210 1703 integer,
1255 1661 1342 1692 cum
1386 1652 1603 1703 scripturas
1651 1648 1795 1690 babeat

147 1715 294 1770 ubique
325 1718 506 1770 proprias
537 1722 578 1758 et
606 1717 836 1771 plerumque
867 1719 1051 1771 egregias
1092 1729 1221 1772 neque
1263 1723 1331 1760 aut
1368 1717 1565 1759 barbariei
1603 1716 1795 1758 obnoxias

150 1790 218 1827 ant
245 1785 325 1828 ullo
355 1784 471 1827 modo
501 1791 720 1839 suspectas,
759 1797 846 1828 cum
877 1786 1042 1829 collatus
1074 1788 1126 1829 sit
1154 1799 1178 1829 a
1209 1799 1271 1829 me
1301 1787 1520 1841 diligenter,
1560 1786 1634 1828 hoc
1672 1795 1796 1839 prae-

150 1853 250 1894 sidio
281 1853 457 1894 condicio
488 1855 621 1894 critica
653 1855 836 1895 carminis
866 1853 1046 1896 Ovidiani
1074 1866 1168 1896 sese
1189 1855 1372 1908 tuebitur,
1403 1854 1528 1896 donec
1548 1853 1795 1895 difficultates

150 1920 243 1963 illae
271 1922 307 1962 in
338 1919 452 1963 libris
480 1921 750 1974 superioribus
780 1933 994 1976 eorumque
1023 1923 1164 1977 triplici
1192 1924 1257 1976 (7)
1287 1924 1440 1976 origine
1470 1922 1683 1975 expeditae
1703 1921 1795 1962 sue-

150 1991 237 2031 rint.
281 1989 381 2032 locis
426 1990 638 2032 innumeris
682 1989 791 2032 solus
842 1995 909 2032 aut
950 2001 1074 2044 prope
1117 1990 1228 2033 solus
1272 1989 1515 2044 probabilem
1561 1992 1795 2043 scripturam

151 2055 349 2099 exbibet.“
1122 2058 1125 2061 ’

285 2124 664 2182 „Cantabrigieusis,
719 2126 894 2169 familiae
943 2132 1005 2170 est
1053 2127 1294 2170 Petavianae
1346 2127 1573 2169 Monaceusi
1620 2123 1796 2169 seeundo

151 2194 405 2249 emendatior,
439 2206 562 2248 saepe
591 2195 767 2237 utilitatis
799 2196 997 2251 egregiae,
1039 2207 1117 2237 non
1145 2207 1237 2238 raro
1267 2198 1321 2238 ita
1351 2201 1394 2237 ut
1423 2196 1467 2250 ll,
1500 2197 1580 2237 595
1612 2199 1796 2248 receptae

144 2266 368 2318 scripturae
398 2263 538 2305 unicus
569 2262 747 2306 auctor.“

285 2330 426 2387 „Liber
455 2330 759 2386 Goettingensis,
798 2332 990 2387 pleraque
1028 2343 1126 2374 sane
1166 2331 1285 2374 habet
1324 2332 1480 2375 aliunde
1517 2343 1566 2374 ex
1596 2331 1796 2374 codicibus

152 2399 389 2441 Petavianae
419 2401 579 2453 originis
608 2402 685 2441 iam
716 2406 829 2442 nota:
858 2401 982 2443 semel
1012 2406 1079 2442 aut
1108 2400 1169 2442 bis
1189 2401 1411 2443 luculentas
1430 2401 1560 2442 solum
1580 2400 1796 2452 scripturas

151 2478 312 2509 servare
342 2466 534 2509 memini.“

281 2537 340 2578 De
369 2536 480 2579 libris
508 2538 657 2579 saeculi
685 2537 787 2580 XIII.
817 2539 883 2592 (?)
913 2539 1013 2581 haec
1042 2539 1195 2592 prodit:
1242 2549 1341 2594 „nou
1380 2543 1470 2580 sunt
1504 2542 1666 2590 propter
1694 2536 1796 2578 viles

152 2605 390 2650 ratiunculas
411 2605 621 2649 deserendi
642 2605 731 2649 libri
752 2607 1010 2662 antiquiores,
1039 2606 1111 2650 sed
1142 2618 1270 2662 neque
1300 2618 1397 2661 prae
1427 2605 1705 2660 desperatione
1730 2610 1798 2647 aut

152 2674 314 2717 fastidio
343 2674 553 2728 spernendi
585 2673 841 2717 deteriores.“
884 2701 920 2707 —
968 2674 1073 2731 „Sed
1103 2675 1265 2719 eosdem
1295 2675 1419 2718 libros
1449 2675 1678 2729 (corruptos
1707 2675 1797 2716 illos

289 2861 339 2904 θ’)
363 2861 541 2902 Quomodo
565 2872 608 2894 ex
623 2872 729 2904 parvo
755 2862 886 2895 codicis
909 2860 1105 2894 llfeldensis
1129 2862 1322 2904 fragmento
1346 2861 1441 2894 illius
1466 2862 1627 2904 cognatio
1644 2872 1722 2894 cum
1738 2863 1796 2894 tri-

152 2918 218 2949 bus
242 2917 387 2949 diversis
412 2917 570 2949 codicum
593 2917 779 2959 generibus
803 2918 888 2949 satis
913 2917 1038 2958 dispici
1062 2927 1104 2948 ac
1128 2916 1286 2959 dignosci
1305 2917 1425 2959 possit,
1448 2927 1512 2959 ego
1528 2927 1597 2949 non
1614 2928 1796 2961 assequor;

152 2984 217 3007 nec
240 2974 364 3008 melius
388 2973 583 3017 intelligere
606 2984 758 3017 possum,
781 2977 851 3006 tam
870 2972 995 3006 dubiae
1011 2972 1156 3016 originis
1173 2972 1406 3006 membranam
1422 2976 1560 3016 tamque
1575 2973 1794 3017 versipellem

153 3031 293 3073 optimis
317 3030 495 3064 codicibus
519 3030 680 3063 adscribi.
