2134 3454
242 234 418 286 Codex
455 235 798 285 Treveremis.
1060 232 1236 285 Godea·
1268 228 1596 284 Monacensis
1627 232 1702 283 ΙΙ.

123 319 198 372 111,
231 318 311 360 164
339 324 527 373 tempora
557 319 701 373 quinta
980 324 1171 372 tempora
1200 317 1343 372 quinta

125 384 205 425 166
233 388 545 428 consummatur
980 390 1251 426 consumatur

124 451 205 492 168
233 452 270 493 si
298 453 399 494 licet
979 451 1146 493 scilicet

126 516 206 559 169
232 516 410 572 gradiue
978 517 1171 573 grauido,
1201 531 1228 558 a
1257 516 1297 559 1.
1320 529 1372 555 m.

126 583 207 625 176
229 583 368 625 'solam
980 586 1115 626 solum

125 651 205 693 178
231 651 344 705 petis
373 657 416 692 et
445 652 615 692 memori
720 669 724 674 ·
979 652 1091 706 petis
1119 650 1306 704 memori,
1337 661 1363 688 a
1391 648 1431 691 1.
1456 661 1508 688 m.

126 718 202 759 181
234 718 373 759 menia
979 718 1146 758 maenia

125 784 205 826 182
233 785 394 826 credita
429 783 521 827 sed,
555 798 685 835 mara.
730 783 769 823 ul
807 794 913 824 con·
980 782 1150 825 condita
1177 782 1256 824 sed
1283 805 1338 813 —

234 849 320 891 dita
349 873 403 880 —

232 923 332 959 tunc
361 916 484 958 nimis
981 928 1091 957 nunc
1119 915 1258 970 nimis,
1288 914 1329 954 1.
1357 928 1412 954 m.

126 984 206 1024 185
233 984 368 1024 somni
980 983 1142 1036 sompni

125 1047 205 1089 186
233 1048 352 1088 thoro
980 1049 1100 1089 thoro

125 1114 205 1154 187
231 1127 383 1154 nomen
412 1125 610 1154 romanus
643 1113 777 1153 maius
980 1126 1131 1154 nomen
1161 1113 1297 1153 maius
1325 1123 1522 1153 romanus

125 1179 205 1220 190
232 1180 453 1233 sanguinis
483 1186 627 1220 auctor
980 1179 1202 1233 sanguinis
1231 1179 1354 1232 ultor,
1385 1179 1425 1221 1.
1454 1193 1506 1220 m.

125 1244 206 1287 193
233 1257 328 1287 cum
357 1256 460 1299 pare
490 1257 682 1300 quaeque
711 1256 790 1286 suo
981 1259 1076 1287 cum
1104 1258 1208 1300 pare
1237 1257 1433 1300 quaeque
1460 1257 1540 1286 sua

125 1311 205 1351 195
233 1313 440 1352 connubia
471 1337 523 1343 —
981 1313 1158 1354 conubia
1187 1335 1242 1342 —

231 1378 430 1432 gentibus
459 1384 602 1433 atque,
632 1379 711 1420 sub
740 1391 824 1422 ras.
980 1379 1179 1434 gentibus
1207 1384 1337 1433 atque

125 1444 205 1486 199
233 1457 367 1487 conso
397 1456 554 1486 consus
980 1457 1113 1487 cunso
1142 1457 1302 1487 cunsus

122 1512 204 1553 200
232 1512 301 1552 ἰΙΙο
330 1511 444 1553 festa
978 1512 1050 1553 illa
1078 1511 1210 1566 festa,
1240 1513 1280 1554 1.
1308 1527 1361 1555 m.

121 1578 204 1620 202
232 1584 333 1619 tunc
977 1585 1078 1620 tunc

121 1645 205 1686 205
233 1657 339 1685 ausa
367 1644 495 1696 loqui,
536 1656 641 1682 corr.
675 1654 773 1683 orsa
802 1642 913 1695 loqui
979 1659 1078 1688 orsa
1106 1647 1218 1701 loqui

121 1711 205 1752 208
234 1713 341 1753 ultra
371 1712 485 1750 lente
979 1714 1086 1753 ultra
1115 1714 1257 1753 lentae

122 1777 205 1818 209
233 1777 310 1818 sed
342 1789 453 1818 nunc
482 1776 553 1830 dii,
584 1789 690 1818 corr.
719 1781 811 1817 utra
840 1776 896 1817 dii
978 1785 1072 1820 utra
1102 1778 1156 1820 dii

122 1842 206 1884 210
234 1855 351 1883 arma
381 1848 499 1884 tenet
979 1857 1097 1884 arma
1127 1850 1273 1883 tenent
1301 1858 1327 1882 a
1356 1844 1398 1883 1.
1427 1857 1481 1883 m.

123 1908 205 1948 212
234 1920 350 1948 cons.
378 1910 499 1949 uobis
980 1922 1100 1952 conS.
1128 1909 1265 1961 uobis,
1296 1923 1333 1951 v.
1361 1923 1444 1950 scr.

124 1973 207 2015 223
235 1980 336 2014 tunc
365 1973 545 2028 denique
979 1982 1081 2017 tunc
1112 1974 1292 2030 denique

121 2040 205 2081 224
232 2047 399 2094 poterat
428 2053 558 2094 posse
588 2046 725 2082 coact.
980 2047 1145 2095 poterat
1175 2042 1268 2094 ipse
1305 2046 1440 2081 coact.

121 2107 206 2148 227
234 2113 380 2148 tenent
980 2112 1097 2147 tenet

121 2175 204 2215 229
233 2175 343 2215 diem
380 2173 514 2227 prima
546 2186 682 2226 meas,
721 2186 748 2212 α
784 2172 824 2214 1.
862 2186 913 2216 m.
981 2173 1089 2214 diem
1119 2173 1363 2227 primasque
1389 2184 1508 2213 meas

232 2253 339 2280 corr.
369 2239 612 2292 primasque
642 2251 760 2279 meas

122 2306 206 2347 230
232 2307 328 2346 leue
356 2318 507 2346 munus
536 2305 694 2346 habent
981 2307 1075 2345 leue
1105 2317 1258 2345 numen
1287 2303 1443 2345 habent

121 2371 200 2412 231
234 2370 436 2412 committi
981 2371 1168 2412 conmitti

122 2436 205 2478 235
233 2435 331 2490 quid
361 2434 471 2489 quod
501 2459 554 2464 —
981 2443 1053 2478 aut
1082 2436 1209 2491 quod,
1240 2439 1285 2476 in
1314 2449 1400 2475 ras.
1428 2449 1481 2477 m.
1510 2450 1592 2477 rec.
1623 2457 1671 2464 —

234 2502 370 2542 hiems
980 2504 1146 2556 hiemps

121 2566 205 2608 236
233 2572 411 2620 pereunt
439 2567 560 2619 lapse
981 2574 1158 2622 pereunt
1187 2569 1328 2620 laxae,
1357 2580 1409 2609 m.
1437 2568 1480 2609 2.

122 2631 205 2674 238
233 2631 484 2687 uiuidaque,
532 2646 662 2685 marq.
700 2631 740 2671 ul
778 2630 915 2671 humi·
981 2633 1205 2688 uiuidaque

235 2699 372 2753 daque

123 2764 205 2804 242
233 2765 342 2805 lacie
981 2767 1118 2807 laciae

122 2829 205 2869 244
233 2830 419 2870 militiam
981 2832 1175 2872 miliciam

122 2893 206 2935 245
234 2907 334 2938 rom.
363 2896 523 2949 agebat
980 2910 1082 2941 rom,
1110 2896 1297 2938 habebat

122 2958 207 2999 246
236 2960 442 3015 exquilias
984 2963 1205 3016 exquilias,
1235 2976 1262 3001 a
1289 2964 1329 3006 1.
1358 2977 1412 3003 m.

1486 3042 1506 3073 9
