2086 3454
843 150 1092 200 -3-

139 275 234 319 nibil
263 278 444 331 reperire
468 277 588 332 potui,
613 272 693 320 atsi
723 275 830 330 quod
858 275 936 318 tine
962 277 1193 330 superioris⁵
1209 277 1363 333 ”oculi
1391 277 1463 319 tuit
1494 276 1792 332 „Christophori

139 344 298 389 comitis
333 345 393 389 de
414 341 703 397 Kesselstadt“‚
734 344 919 399 Treveri,
958 345 1069 387 cuius
1109 344 1271 400 tratres,
1311 343 1553 388 cathedralis
1593 345 1792 388 ecclesiae

138 413 396 457 Tremensis
415 412 637 467 ¹quondam
672 413 873 466 canonici,
918 413 1137 455 hereditate
1176 418 1383 470 acceptum
1422 424 1510 455 cum
1551 413 1638 455 aliis
1678 413 1792 455 libris

138 483 382 536 perantiquis
411 481 589 524 eiusdem
619 477 816 523 ecclesiae
845 479 1106 523 bibliothecae
1138 479 1340 534 donarunt,
1380 482 1418 522 in
1459 491 1539 535 qua
1577 491 1682 522 nunc
1715 479 1790 523 sub

139 560 302 593 nmero
343 548 426 591 1118
464 552 704 590 asservatur.
768 546 838 589 Est
878 548 1213 604 membranaceus,
1253 550 1475 591 chartarum
1517 549 1644 591 torma
1687 560 1792 604 quae

138 623 302 659 vocatur
330 619 486 669 octona,
516 615 609 656 lolia
638 613 756 656 babet
776 614 910 657 LXlll.
940 617 1120 670 singulae
1141 618 1311 670 paginae
1331 616 1549 670 pleraeque
1568 616 1791 658 versiculos

138 689 270 728 tenent
299 683 377 738 XL,
407 694 559 738 paucae
588 682 767 737 ΧΧΧΙΙΙ,
796 682 971 739 XXXlV,
1001 684 1176 739 XXXVl,
1206 683 1414 738 XXXVlll,
1445 684 1622 738 XXXIX,
1652 684 1788 726 XLlll.

138 751 298 794 saeculi
328 750 481 794 videtur
509 751 703 794 undecimi
734 751 797 793 vel
826 751 1059 795 duodecimi.
1119 752 1397 807 Compluribus
1428 757 1467 794 et
1497 756 1682 806 quantum
1713 763 1790 806 ego

138 819 315 863 iudicare
344 831 507 874 possum
538 821 710 874 quinque
740 825 807 863 aut
835 830 908 863 sex
939 821 1106 864 diversis
1131 822 1302 874 scriptus
1322 824 1383 862 est
1402 820 1593 874 manibus,
1625 832 1789 874 quarum

140 884 279 944 prima,
318 899 422 943 quae
450 890 618 943 pertinet
647 887 772 943 usque
803 889 853 931 ad
883 888 911 944 1,
941 890 1049 944 281„
1089 889 1285 944 pinguiori
1325 899 1373 930 ac
1411 889 1577 943 pleniori
1618 900 1692 931 usa
1732 893 1792 930 est

137 957 263 1011 litera,
294 962 430 999 contra
459 962 598 1010 arguta
628 968 676 999 ac
710 958 898 1009 gracilior
937 962 998 999 est
1039 949 1182 999 manus*
1216 958 1354 998 altera.
1395 958 1510 998 tertia
1548 958 1675 998 minus
1716 968 1790 999 usu

138 1024 258 1079 polita
298 1031 338 1068 et
378 1025 542 1079 elegans
578 1029 639 1067 est
668 1029 706 1066 et
735 1036 971 1079 perparvam
1002 1030 1148 1068 tantum
1178 1030 1340 1080 partem,
1382 1023 1468 1066 ClV
1498 1035 1650 1078 versus,
1691 1036 1715 1066 a
1745 1024 1791 1079 ll,

138 1095 245 1137 62⁷,
264 1105 392 1147 usque
421 1093 472 1136 ad
494 1093 536 1146 ll,
570 1094 665 1135 731.
686 1096 875 1137 exaravit.
924 1095 1111 1148 Sequitur
1139 1093 1264 1146 litera,
1294 1095 1369 1136 nisi
1400 1091 1550 1146 eadem,
1581 1091 1632 1133 ab
1663 1092 1789 1135 altera

137 1172 255 1204 manu
284 1172 362 1203 non
396 1161 559 1203 multum
592 1161 763 1204 diversa.
823 1161 971 1212 Quarta
1009 1173 1150 1204 manus
1189 1163 1227 1203 in
1257 1161 1455 1203 literarum
1486 1161 1612 1202 forma
1641 1160 1790 1214 aliquid

137 1230 339 1283 proprium
380 1228 519 1282 habet,
557 1228 632 1270 sed
672 1233 802 1270 tamen
841 1232 1002 1284 antiqua
1041 1236 1100 1272 est
1141 1235 1179 1272 et
1219 1229 1460 1270 emendatior
1490 1233 1551 1270 est
1584 1231 1789 1283 scriptura.

137 1299 304 1351 pertinet
333 1308 358 1338 a
388 1296 451 1350 111,
480 1297 549 1339 43.
579 1308 707 1351 usque
736 1295 787 1338 ad
809 1297 872 1351 lv,
903 1298 968 1339 29.
990 1299 1124 1351 quinta
1154 1297 1288 1351 paullo
1319 1296 1533 1339 minoribus
1563 1308 1637 1338 usa
1662 1297 1789 1340 literis

136 1365 208 1409 sed
238 1365 357 1408 nitida
388 1369 427 1406 et
455 1364 620 1418 elegans
651 1369 723 1419 cst,
752 1376 776 1407 a
808 1377 885 1419 qua
916 1371 996 1407 tres
1027 1368 1217 1419 postremi
1247 1366 1348 1420 libri,
1378 1377 1403 1407 a
1423 1365 1463 1406 L.
1489 1365 1550 1418 lV,
1572 1365 1640 1406 29.
1661 1376 1789 1418 usqne

136 1432 188 1476 ad
218 1434 402 1476 carminis
432 1432 546 1475 linem
576 1433 712 1486 scripti
742 1438 845 1475 sunt.
896 1434 1106 1476 Maximum
1138 1434 1276 1477 barum
1304 1444 1497 1486 manuum,
1529 1444 1632 1486 quae
1652 1443 1790 1475 omnes

135 1502 321 1555 antiquae
360 1506 460 1555 sunt,
502 1502 672 1543 cernitur
702 1500 909 1543 discrimen
939 1504 978 1543 in
1008 1515 1028 1544 s
1058 1503 1183 1556 litera,
1214 1513 1315 1555 quae
1346 1503 1383 1542 in
1414 1503 1472 1555 iis,
1514 1512 1616 1555 quae
1657 1515 1679 1542 a
1710 1513 1789 1555 po-

136 1574 282 1612 strema
301 1570 450 1624 scripta
470 1573 559 1612 sunt
578 1579 707 1623 manu,
738 1575 962 1613 constanter
983 1571 1111 1625 longa
1124 1576 1195 1624 est,
1224 1570 1316 1612 item
1338 1570 1375 1611 in
1398 1573 1548 1623 quarta,
1578 1570 1653 1612 nisi
1673 1569 1790 1624 quod,

136 1636 265 1680 sicubi
295 1638 334 1678 in
363 1637 439 1680 fine
469 1637 581 1680 verbi
611 1643 678 1680 aut
706 1639 893 1681 versiculi
920 1643 981 1680 est
999 1640 1279 1693 superscripta,
1309 1638 1474 1681 rotunda
1495 1643 1575 1691 est3
1605 1638 1644 1679 in
1665 1637 1789 1680 altera

136 1715 253 1748 manu
273 1705 399 1747 ferme
419 1706 644 1759 promiscue
666 1706 784 1760 longa
807 1711 845 1748 et
864 1706 1140 1760 semirotunda,
1167 1705 1381 1748 consimilis
1401 1705 1538 1748 literae
1557 1718 1581 1753 ς
1601 1705 1791 1760 Graecae,

136 1774 210 1815 nisi
250 1773 357 1827 quod
395 1774 530 1827 paullo
569 1774 788 1828 longiorem
831 1776 933 1816 infra
972 1774 1100 1816 ubivis
1131 1780 1170 1815 et
1198 1785 1404 1816 recurvam
1435 1774 1628 1827 virgulam
1659 1773 1789 1828 babet,

135 1844 173 1884 in
203 1841 366 1896 reliquis
396 1843 619 1895 promiscue
648 1843 818 1885 rotunda
848 1848 889 1884 et
909 1843 1166 1896 longiuscula.
1216 1842 1421 1894 Proprium
1452 1842 1644 1895 scriptura
1672 1841 1789 1883 huius

135 1908 285 1957 codicis
315 1913 354 1952 et
383 1908 479 1952 illud
509 1909 638 1965 babet,
677 1911 892 1965 praecipue
933 1912 971 1952 in
1012 1910 1113 1953 libro
1155 1911 1280 1953 altero
1322 1913 1360 1951 et
1390 1909 1514 1962 tertio,
1554 1914 1596 1952 ut
1633 1911 1672 1952 in
1712 1909 1789 1952 line

135 1976 359 2019 breviorum
389 1987 573 2020 versuum
599 1989 722 2032 saepe
742 1980 794 2021 ad
815 1979 1100 2022 extendendam
1122 1983 1160 2020 et
1180 1977 1475 2032 producendam
1497 1989 1632 2020 eorum
1652 1979 1786 2032 longi-

136 2045 308 2088 tudinem
339 2057 414 2088 una
444 2046 508 2088 vel
534 2046 636 2089 duae
655 2048 896 2091 maiusculae
917 2050 1002 2091 sive
1023 2048 1213 2102 capitales
1234 2047 1372 2088 literae
1392 2045 1456 2087 vel
1476 2046 1622 2088 lineola
1641 2049 1786 2101 angui-

136 2114 273 2156 i'ormis
302 2125 390 2156 cum
420 2115 637 2158 maiuscula
667 2116 781 2158 litera
810 2119 940 2171 posita
970 2119 1035 2172 sit,
1060 2117 1184 2158 ferme
1214 2113 1295 2158 sic':
1331 2116 1462 2157 amori
1495 2138 1545 2144 -
1577 2114 1621 2165 S,
1652 2127 1702 2157 en
1733 2138 1785 2145 —

138 2181 180 2232 T,
212 2182 319 2232 sUO,
360 2182 466 2236 quod
506 2194 556 2225 ex
595 2184 672 2227 hoc
710 2184 848 2227 codice
882 2187 1051 2227 imitatus
1082 2190 1144 2226 est
1172 2185 1423 2226 Monacensis
1456 2184 1501 2224 ll.
1544 2189 1583 2226 et
1620 2187 1658 2226 in
1697 2185 1786 2227 aliis

136 2262 295 2306 quoque
335 2251 439 2293 illius
478 2252 618 2292 aetatis
657 2262 774 2295 manu
812 2253 969 2306 scriptis
1008 2251 1276 2294 bibliothecae
1315 2251 1500 2306 publicae
1538 2252 1785 2295 Trevirensis

135 2321 338 2375 reperitur.
390 2318 631 2374 Compendia
661 2322 879 2375 scripturae
908 2326 949 2363 et
979 2320 1081 2375 sigla
1110 2322 1304 2375 permulta
1334 2326 1373 2362 et
1403 2321 1572 2362 omnium
1602 2331 1785 2363 manuum

134 2391 276 2441 insunt,
305 2398 434 2441 neque
463 2399 487 2429 a
517 2390 711 2430 communi
733 2389 1016 2431 consuetudine
1037 2389 1207 2443 diversa,
1236 2389 1308 2432 sed
1330 2389 1464 2443 qualia
1484 2390 1522 2429 in
1545 2388 1658 2431 MSS.
1680 2389 1785 2434 illius

135 2458 223 2499 aevi
253 2467 330 2498 non
359 2466 450 2497 raro
475 2457 730 2499 inveniuntur.
780 2452 928 2511 Codex,
958 2458 1024 2511 qui
1048 2457 1234 2501 nobilium
1258 2457 1499 2500 dominorum
1520 2456 1785 2499 bibliothecas

134 2533 293 2577 semper
322 2533 488 2566 ornasse
517 2524 680 2578 videtur,
715 2525 967 2579 paucissimis
996 2526 1168 2580 plagulis
1198 2527 1376 2579 exceptis
1406 2536 1534 2579 neque
1563 2535 1637 2567 usu
1667 2524 1784 2567 valde

134 2594 246 2635 tritus
289 2602 417 2645 neque
456 2593 533 2633 situ
574 2603 835 2647 manuumque
875 2598 978 2636 tactu
1016 2594 1217 2649 sordidus,
1256 2596 1396 2648 paucis
1436 2604 1596 2647 quoque
1635 2592 1785 2646 glossis

135 2671 185 2702 ac
212 2660 374 2703 scholiis
403 2662 615 2703 instructus
645 2664 716 2702 est.
774 2661 834 2702 De
874 2662 1153 2716 orthographia
1182 2662 1274 2705 nihil
1305 2661 1423 2714 addo,
1463 2663 1555 2714 quia
1595 2661 1634 2702 in
1665 2662 1785 2703 variis

134 2728 340 2782 scripturis
369 2727 420 2771 de
449 2729 526 2771 hac
553 2737 597 2769 re
626 2728 666 2769 in
695 2734 832 2783 aperto
862 2734 951 2772 sunt
980 2732 1121 2785 omnia,
1152 2735 1193 2772 ut
1221 2730 1391 2772 lectores
1412 2728 1488 2781 ipsi
1511 2728 1629 2771 facile
1649 2728 1785 2770 videre

134 2808 183 2839 ac
201 2796 374 2840 iudicare
394 2798 561 2851 possint.
607 2796 706 2840 lllud
733 2803 898 2852 apparet
927 2797 990 2840 vel
1019 2797 1100 2840 levi
1130 2798 1332 2853 adspectu,
1362 2809 1412 2839 ae
1441 2796 1724 2852 diphthongum
1745 2799 1785 2839 in

135 2865 211 2907 bac
239 2863 471 2909 membrana
501 2877 693 2921 nusquam
723 2868 899 2922 inveniri,
933 2866 1005 2909 sed
1032 2867 1179 2922 ubique
1207 2869 1393 2921 scriptum
1425 2878 1517 2910 esse
1546 2867 1716 2921 simplex
1745 2879 1779 2918 e,

135 2932 226 2974 sine.
262 2931 340 2975 illa·
367 2934 522 2988 virgula
561 2935 766 2978 multarum
801 2937 1013 2978 recentium
1044 2934 1369 2990 membranarum,
1407 2935 1586 2978 similiter
1626 2945 1698 2988 pro
1737 2946 1786 2977 oe

136 2998 379 3053 diphthongo
409 3001 537 3044 ubivis
565 3013 659 3045 esse
688 3015 721 3057 e,
750 3015 824 3058 pro
854 3006 884 3045 ti
913 3005 952 3045 in
981 3004 1111 3047 medio
1141 3003 1264 3046 verbo
1285 3008 1509 3047 constanter
1528 3014 1654 3058 prope
1675 3009 1714 3045 et
1733 3003 1784 3045 ab
