2119 3488
1005 185 1175 233 -26
1234 210 1288 218 ..-

412 304 588 357 Codex
621 305 939 361 Petavianus
973 307 1015 357 Ι.

314 388 398 428 545
427 395 495 430 est
524 395 654 444 tegea

313 454 398 496 547
426 455 652 510 tirynthius
691 463 838 497 auctor
879 479 930 486 —-
975 457 1112 510 tyrin-

425 522 546 563 chius
575 522 719 576 heros,
750 537 786 564 v.
815 537 849 564 S.

314 587 398 629 548
427 588 558 629 sentit

311 654 397 696 553
426 654 529 695 dura

311 721 391 761 561
425 732 680 760 reuocamen

310 785 395 828 563
422 789 716 840 perstruxerat

311 853 395 892 564
422 849 489 892 bis'
518 852 617 904 iuga

311 918 395 958 568
422 918 621 970 iactaque
650 940 705 946 —
735 918 857 958 molis

310 983 394 1025 585
421 988 546 1024 uates
576 982 700 1024 undis
729 984 903 1037 gratiss.

310 1051 389 1091 591
423 1051 619 1092 cinerosa

309 1117 394 1160 592
421 1117 688 1171 contigerunt
699 1116 797 1158 nulli
809 1117 976 1158 nomina
989 1123 1107 1159 tanta

422 1186 523 1227 uiro.

309 1252 393 1293 593
421 1252 534 1293 alitis
563 1264 666 1292 aura

309 1317 394 1360 600
422 1316 534 1372 quod

308 1385 392 1428 604
420 1383 501 1426 sed
530 1394 639 1439 quae

307 1449 392 1491 605
421 1455 489 1489 est
517 1462 647 1502 supra
676 1449 814 1488 fabios

307 1516 387 1557 611
420 1514 593 1569 originis
623 1514 712 1554 urbi

306 1648 393 1689 614
420 1653 590 1689 uestras

307 1714 392 1755 615
420 1713 513 1755 dies

305 1781 390 1823 618
418 1793 547 1823 sacra
577 1782 723 1822 relicta

304 1847 389 1889 626
417 1853 608 1888 exertum

300 2047 386 2089 633
415 2047 609 2100 placatur

299 2112 384 2154 636
413 2112 613 2167 quidquid
645 2111 739 2164 erit,
770 2123 797 2149 a
823 2111 866 2152 2.
895 2124 946 2153 m.

300 2178 384 2219 639
412 2178 680 2231 prospiciens

299 2245 384 2285 644
413 2244 569 2298 uolgus

298 2306 387 2351 645
411 2320 586 2364 pansos.
602 2320 780 2362 pansus,
794 2314 898 2349 teste
911 2310 1096 2351 Gronov.

410 2385 581 2431 parsos,
612 2373 725 2417 Eme.
765 2374 883 2419 Voss.

297 2442 377 2483 651
408 2441 674 2494 Kapricorno

295 2507 381 2550 653
408 2506 627 2548 demiserit

297 2573 380 2614 654
408 2572 522 2613 nullo
552 2573 635 2613 iam

296 2639 380 2679 658
407 2639 636 2679 sementita

296 2704 376 2745 661
410 2717 536 2746 sacro

295 2770 378 2811 665
406 2769 647 2825 suspendit,
678 2785 704 2810 a
734 2771 775 2814 1.
803 2786 854 2815 m,

295 2837 378 2877 666
405 2838 555 2878 uolnus

295 2903 378 2945 668
407 2910 546 2947 terrae
577 2907 645 2961 qui

293 2970 372 3010 671
406 2970 517 3026 frug.
549 2979 710 3013 matres

292 3037 378 3077 675
407 3044 628 3078 consortes
660 3039 828 3090 superis

1290 304 1466 357 Codeoe
1505 306 1844 359 Treveremis.

1179 396 1246 430 est
1276 396 1405 444 tegea

1178 456 1396 498 tirinchius
1426 456 1553 497 heros

1176 588 1308 629 sentit

1178 653 1267 694 dira

1176 732 1430 759 reuocamen

1176 790 1465 839 prestruxerat
1495 809 1543 814 —
1575 784 1697 825 obice

1176 853 1247 891 uix
1276 854 1377 905 Iuga
1409 876 1459 883 ——
1491 853 1625 892 honus

1176 918 1344 971 ictaque
1362 942 1410 947 —
1431 919 1567 959 mollis

1176 988 1299 1024 uates
1330 983 1432 1023 felix
1462 989 1505 1023 ut
1535 982 1615 1023 diis

1174 1063 1398 1103 generosa.
1428 1063 1558 1099 mary.
1589 1050 1628 1089 ul
1660 1050 1855 1090 cinerosa

1175 1115 1442 1171 contigerant

1174 1252 1280 1291 alter
1309 1250 1475 1291 isaurus

1174 1321 1275 1369 quot

1172 1381 1252 1423 sed
1281 1383 1350 1437 qui

1174 1455 1242 1488 est
1271 1449 1408 1488 fabios
1441 1458 1569 1498 supra

1172 1515 1346 1568 originis
1375 1514 1477 1555 urbi.
1507 1526 1638 1562 mary.
1666 1527 1692 1552 α
1720 1526 1802 1555 rec.
1831 1527 1882 1556 m.
1921 1514 1961 1554 ul

1281 1581 1446 1633 origine
1476 1581 1591 1619 uerbi

1171 1653 1341 1688 uestras

1172 1713 1264 1754 deis

1170 1792 1295 1821 sacra
1326 1779 1457 1819 relata
1701 1825 1703 1829 ‚

1170 1851 1424 1899 exemptum.
1479 1857 1611 1895 mary.
1660 1858 1739 1897 pro
1790 1846 1961 1896 qlosea:

1280 1916 1482 1963 creptum.
1509 1925 1640 1961 marg.
1655 1912 1708 1950 ab
1737 1913 1880 1951 eadem
1908 1924 1961 1952 m.

1279 1978 1320 2017 ul
1351 1978 1626 2018 constituisse

1168 2045 1390 2097 placantur

1168 2110 1364 2164 quicquid
1395 2117 1487 2151 erat

1168 2178 1449 2231 prospiciens,
1480 2191 1692 2229 superscr.
1721 2190 1772 2218 as

1166 2244 1319 2296 uulgus

1165 2322 1340 2364 sparsos

1166 2443 1413 2496 capricorno

1165 2506 1366 2549 dimiserit

1165 2572 1275 2613 nullo
1305 2574 1386 2615 iam

1163 2646 1417 2692 sementata,
1447 2653 1555 2680 corr.
1584 2640 1822 2679 sementita.

1162 2707 1275 2746 sacri

1162 2770 1384 2825 suspendit

1162 2839 1312 2878 uulnus

1161 2911 1315 2946 terram
1347 2906 1414 2960 qui

1161 2972 1269 3026 frug.
1299 2978 1457 3013 matres

1160 3044 1384 3078 consortes
1414 3039 1581 3090 superis
1613 3050 1687 3089 per
1717 3051 1824 3092 quas
1856 3053 1952 3080 cor-

1270 3111 1392 3157 repta
