2086 3454
759 139 1040 188 -33-

172 263 347 316 Codex
376 264 693 315 Petavianus
725 264 768 313 Ι.

72 348 155 388 449
181 348 401 389 uariabant

72 413 156 455 454
183 415 312 469 pinna

72 480 157 522 465
187 479 376 535 depexos

77 547 161 589 466
188 547 289 589 uicit

74 612 159 654 474
187 613 257 654 ilia

73 679 158 720 486
187 679 385 733 quotiens
413 704 467 712 —
496 681 643 734 loquar

78 744 161 786 488
187 756 309 799 pecc.
338 745 512 799 turpiter

75 811 159 851 489
187 825 305 854 nesc.
332 813 458 866 haec,
488 825 515 850 a
544 811 584 854 1.
611 826 663 851 m.

75 875 158 918 493
185 883 232 918 ut
258 883 360 932 puto

77 941 162 982 506
189 944 229 982 ei
258 944 355 984 mihi

78 1007 162 1049 507
189 1009 360 1051 audibat

78 1073 162 1114 517
190 1075 363 1116 totidem
394 1089 488 1118 cum
519 1076 675 1118 deserit

78 1139 162 1180 522
189 1141 372 1195 accipiat

78 1206 161 1248 524
189 1220 271 1249 non
299 1221 412 1262 proc.

78 1272 161 1316 532
190 1280 357 1316 sumant

79 1341 164 1381 539
191 1343 304 1395 uolgi

79 1405 162 1447 545
190 1406 385 1449 mirabilis

80 1473 162 1512 564
192 1479 259 1513 est
287 1474 355 1513 iila

80 1539 162 1580 575
191 1541 445 1580 recensebat

80 1605 163 1645 576
193 1612 302 1646 terra
331 1606 519 1658 parenda
550 1620 658 1648 nouo
688 1614 754 1647 est

81 1673 163 1713 595
192 1673 289 1715 iact.
317 1672 509 1714 humidas

80 1739 163 1780 608
192 1739 328 1780 uoltus

81 1805 164 1845 612
192 1811 332 1845 tamen
362 1804 597 1847 admonitus

81 1870 165 1910 617
192 1876 329 1910 metus
358 1871 491 1911 adfuit

82 1936 165 1976 618
193 1937 232 1976 ei
261 1937 358 1976 mihi

82 2002 165 2043 636
192 2003 324 2042 multa
353 2009 493 2043 tamen
524 2004 627 2044 mitti

82 2070 160 2109 641
193 2075 236 2108 et
274 2069 392 2121 fuge,
439 2083 464 2107 ιι
502 2071 544 2111 2.
573 2084 625 2113 m.
666 2078 873 2112 maestum

195 2135 324 2189 suged
351 2136 463 2174 icere
489 2142 645 2177 tectum

82 2203 165 2243 643
194 2204 317 2242 uelox
335 2202 388 2241 iili
408 2214 535 2254 super
561 2216 666 2243 ausa
687 2204 874 2246 fenestra

83 2400 167 2441 650
196 2414 290 2453 app.
319 2400 442 2453 sigua
480 2406 690 2455 notaeque
728 2409 875 2455 petunt

83 2466 166 2508 665
194 2467 286 2507 ilios

83 2533 167 2572 674
196 2532 390 2573 defectas

83 2599 167 2638 682
195 2599 302 2640 υοΙη.

83 2663 166 2706 690
192 2664 291 2705 uolt.

83 2731 167 2772 693
195 2730 303 2772 ludis

84 2797 167 2837 694
195 2810 265 2837 res
295 2809 320 2837 a
349 2797 490 2837 ueneri
522 2798 681 2850 gratior

84 2861 167 2901 705
196 2868 239 2901 et
269 2866 506 2915 quicunque

85 2926 167 2966 712
194 2929 391 2981 scorpios
421 2953 471 2959 —-
504 2929 709 2970 uidendus
739 2937 829 2971 erat

85 2991 172 3033 713
198 2994 346 3035 Bacho

1055 261 1231 313 Codex
1268 258 1610 310 Treverensis.

933 346 1152 388 uariabunt

932 424 1074 467 penna

934 477 1125 532 depexos

934 545 1066 587 uincit

934 611 1005 652 ilie

935 678 1130 734 quotiens
1163 701 1209 707 —
1242 676 1388 729 loquor

934 756 1056 798 pecc.
1084 743 1246 796 turpius

935 824 1052 852 nesc.
1081 810 1164 852 hoc

936 884 981 919 ut
1009 883 1109 932 puto

937 945 974 983 ei
1005 944 1101 983 mihi

936 1009 1126 1051 audierat

936 1075 1108 1116 totidem
1139 1087 1232 1114 cum
1264 1073 1420 1113 deserit

937 1141 1120 1194 accipiat

938 1220 1019 1249 non
1048 1219 1161 1261 proc.

938 1280 1149 1316 summant

938 1343 1052 1396 uulgi

938 1406 1188 1449 miserabilis

940 1480 1007 1513 est
1034 1474 1089 1513 illi

938 1546 1216 1581 recensuerat

940 1612 1051 1646 terra
1079 1606 1269 1659 paranda
1299 1618 1407 1646 noua
1438 1611 1505 1645 est

940 1673 1037 1714 iact.
1066 1671 1250 1713 tumidas

939 1740 1078 1780 uultus

939 1813 1080 1846 tamen
1110 1804 1348 1846 admonitus

939 1878 1078 1911 metus
1107 1871 1244 1912 abfuit

940 1939 976 1977 ei
1006 1937 1103 1978 mihi

939 2005 1067 2044 multa
1096 2010 1237 2044 tamen
1270 2002 1375 2042 mitti

941 2076 983 2110 et
1011 2070 1114 2122 fuge

941 2140 1118 2174 mestum
1150 2134 1251 2189 fuge
1282 2133 1423 2174 dicere
1454 2139 1610 2174 tectum

940 2202 1063 2241 uelox
1106 2201 1160 2240 iiii
1204 2214 1331 2254 super
1378 2213 1484 2240 ausa
1529 2201 1730 2243 fenestra.

1050 2273 1281 2307 correctum
1303 2273 1343 2307 et
1360 2281 1570 2319 superarer.
1592 2267 1732 2307 humili

1050 2348 1179 2387 super
1209 2347 1310 2374 arua

941 2407 1146 2454 apparent
1184 2401 1310 2454 signa
1348 2406 1529 2455 noteque
1567 2401 1732 2454 pedum.

941 2469 1037 2522 illic,
1068 2481 1278 2520 superarer,
1310 2468 1403 2506 illuc

942 2533 1123 2573 defectis

941 2599 1051 2642 uuln.

942 2665 1042 2706 uuit.

943 2732 1053 2773 ludis

944 2811 1014 2839 res
1044 2799 1126 2840 hac
1154 2798 1297 2838 ueneri
1328 2799 1486 2852 gratior

945 2870 989 2903 at
1018 2865 1253 2917 quicunque

945 2930 1140 2983 scorpius
1172 2953 1218 2961 —
1252 2928 1457 2970 uidendus
1488 2942 1584 2971 eras

944 2997 1081 3037 bacho

1450 3076 1470 3106 5
