2134 3454
824 166 1107 216 -ςι-

259 289 434 341 codem
473 290 812 341 Precor-emis.

138 374 192 426 ΙΙ,
222 373 305 414 667
332 380 378 414 ut
407 380 576 415 ueteres
606 381 840 415 memorant

137 437 220 479 672
249 440 441 480 stacione
473 462 519 470 —

249 518 397 547 manes

137 572 222 613 682
250 573 440 626 spacium

138 636 221 677 685
248 637 432 677 habebat

138 703 223 744 699
250 705 437 757 appellat

139 768 217 810 701
251 775 368 809 ortus

138 835 223 876 703
252 836 336 876 illic
365 837 594 889 tarquinius

138 901 220 943 704
249 915 412 943 summa
440 906 560 944 metit

138 968 222 1009 706
248 970 367 1010 iussa

137 1033 216 1075 711
248 1035 412 1088 phebus

138 1100 222 1142 712
250 1103 407 1155 primus

138 1167 220 1208 714
248 1180 329 1209 non
359 1169 572 1211 intellecto

137 1234 220 1274 718
249 1235 435 1276 creditus
464 1260 517 1265 -

247 1301 526 1354 procubuisse

138 1366 222 1407 ⁷27
251 1367 396 1408 thorus

136 1432 222 1474 730
248 1439 293 1473 et
321 1434 460 1473 feruet
488 1436 615 1474 multo

137 1497 221 1540 733
248 1511 376 1552 super
405 1507 473 1541 est

137 1563 221 1605 736
250 1570 396 1605 custos

138 1630 221 1673 737
250 1631 359 1673 colla
387 1632 555 1672 coronis

138 1697 221 1738 739
249 1698 445 1741 lucrecia.
476 1699 595 1739 cuius

137 1763 221 1804 740
249 1764 412 1805 thorum
445 1788 495 1795 --

250 1830 406 1870 calathi

138 1895 221 1936 744
249 1909 372 1948 quam
416 1897 588 1949 primum
630 1904 775 1937 nostra
815 1898 930 1938 facta

249 1962 331 2003 lac.

138 2026 220 2066 745
249 2026 428 2067 audistis

138 2092 221 2133 752
250 2093 385 2146 frigus
414 2092 542 2132 habet

138 2157 221 2199 758
249 2158 385 2198 honus

138 2223 220 2262 759
251 2223 423 2264 furiales

137 2288 221 2330 763
249 2296 292 2329 et
321 2289 431 2343 quod
462 2303 567 2333 corr.

138 2354 222 2396 763
250 2355 318 2396 ille
348 2356 461 2410 cupit

138 2420 221 2460 765
248 2423 503 2474 prenuncius

138 2485 217 2526 771
249 2487 377 2527 uerba
407 2489 574 2529 fuerunt

139 2551 222 2593 774
250 2554 318 2607 qui
348 2554 424 2595 fuit
453 2554 563 2595 unda
587 2555 714 2597 timet.
738 2569 869 2606 marg.
891 2556 930 2596 ul

251 2626 384 2661 tumet

138 2686 222 2728 775
248 2686 415 2740 placide

139 2751 222 2792 777
251 2753 436 2807 agitatur

139 2818 223 2859 778
249 2819 371 2859 thoro

139 2883 222 2924 780
250 2883 439 2925 audaces
468 2907 521 2915 —-

251 2949 424 3003 forsque
454 2949 642 3004 deusque
665 2973 718 2980 —

250 3017 365 3056 iuuat

1079 287 1255 340 Codex
1286 287 1615 339 Monacensis
1642 286 1722 336 ΙΙ.

996 378 1041 412 ut
1070 373 1303 412 memorant
1332 377 1503 412 ueteres

997 518 1145 548 manes

996 574 1186 627 spacium

996 637 1181 692 habebit,
1215 650 1266 679 m.
1294 636 1336 678 1.

996 708 1152 759 apellat

997 779 1113 813 ortus

996 839 1063 879 ille
1094 844 1136 878 et
1166 836 1397 891 tarquinius
1426 849 1453 873 a
1481 834 1520 876 1.
1550 847 1600 875 m.

995 918 1160 946 summa
1188 903 1308 958 legit‘

997 971 1126 1011 uerba

996 1037 1159 1091 phebus

996 1106 1194 1158 princeps

996 1170 1122 1211 llecto
1151 1172 1197 1209 in
1226 1181 1310 1210 ras.

997 1235 1202 1288 creditus,
1232 1247 1270 1273 v.
1300 1247 1335 1273 ε.
1364 1256 1414 1261 -—

997 1301 1275 1344 succubuisse

998 1369 1142 1409 thorus

958 1447 959 1450 ¹
998 1440 1171 1475 exercet
1202 1433 1344 1484 multo,
1375 1445 1426 1472 m.
1455 1431 1495 1471 1.

997 1514 1125 1554 super
1155 1506 1223 1539 est

998 1573 1172 1608 constes
1200 1579 1251 1607 m.
1280 1564 1320 1604 1.

997 1634 1105 1673 colla
1137 1631 1316 1683 capillis,
1348 1643 1384 1671 v.
1413 1643 1497 1672 scr.

996 1700 1184 1740 lucretia.
1217 1698 1336 1738 cuius

997 1765 1159 1805 thorum
1191 1788 1241 1794 —

998 1832 1151 1872 colathi

998 1910 1121 1950 quam
1166 1898 1339 1950 primum
1383 1896 1500 1934 facta
1540 1901 1607 1934 est
1645 1899 1788 1933 nostra

1108 1964 1187 2004 lac.

999 2028 1177 2069 audistis

998 2095 1132 2147 frigus
1162 2095 1318 2135 habent

997 2160 1133 2200 honus

999 2224 1170 2265 furiales

998 2298 1041 2330 et
1069 2304 1192 2344 quam
1224 2305 1328 2332 corr.
1359 2299 1401 2331 et
1430 2305 1511 2345 quo
1543 2306 1577 2330 v.
1607 2305 1688 2331 scr.

997 2357 1065 2397 ille
1094 2356 1192 2397 furit

998 2425 1282 2476 praenuncius

998 2489 1128 2529 uerba
1157 2490 1275 2529 fuere

998 2556 1067 2609 qui
1097 2556 1174 2596 fuit
1203 2561 1302 2596 ante
1332 2562 1462 2596 tumet

998 2687 1191 2740 placidae

997 2753 1187 2807 agitatus

998 2819 1117 2859 thoro

997 2885 1199 2926 ardentes
1228 2908 1281 2916 —

997 2951 1171 3006 forsque
1178 2964 1408 3007 uenusque.
1417 2958 1654 3008 metusque,
1665 2968 1701 2997 v.
1708 2969 1786 2997 s.—

997 3018 1142 3059 iuuant
