2231 3456
2013 0 2231 111 ziffzwrfflz

1131 210 1410 259 ..74-

572 334 707 376 Habes
736 336 869 376 varias
898 336 1118 387 scripturas
1149 335 1297 377 codicis
1327 336 1578 378 Monacensis
1610 334 1653 376 ΙΙ.
1691 335 1805 376 trium
1839 334 2012 387 priorum
2043 333 2093 376 de

440 403 569 445 Fastis
623 402 812 444 librorum
870 413 956 443 cum
1008 402 1143 444 codice
1193 404 1428 445 Treverensi
1480 405 1733 457 compositas.
1785 414 1884 456 quas
1933 404 1967 444 si
2017 413 2092 444 ou-

439 472 564 513 ratius
595 482 837 523 percenseas
867 482 942 530 nec
970 481 1183 523 paucorum
1207 482 1402 524 versuum,
1437 473 1509 514 sed
1527 454 1658 514 'totius
1686 470 1785 523 libri,
1817 481 1920 523 quae
1948 471 1987 511 in
2018 470 2093 511 hac

439 550 483 580 re
514 539 670 580 valeant
709 544 906 580 momenta
936 539 1147 592 ponderes,
1189 540 1481 582 similitudinem
1512 552 1599 582 cum
1630 539 1863 580 Treverensi
1893 542 1933 577 et
1963 548 2013 578 ex
2043 548 2092 577 eo

439 609 630 660 originem
652 605 780 648 ubivis
801 617 1009 658 agnosces.
1056 607 1200 648 Verum
1231 608 1398 649 eundem
1427 607 1594 660 videbis,
1626 606 1731 660 quod
1761 616 1914 646 omnem
1935 602 2091 645 modum

439 673 618 728 excedat,
659 673 710 715 ab
752 674 972 727 archetypo
1007 685 1081 715 suo
1122 673 1358 716 desciscere.
1397 675 1486 728 plus
1527 677 1628 715 enim
1670 672 1801 715 CCCC
1843 673 1939 714 iocis
1978 676 2091 713 orto-

438 742 608 796 graphia
638 752 686 782 ac
717 742 805 794 ipso
835 752 957 783 sensu
988 742 1228 794 depravatus
1259 749 1298 783 et
1331 744 1471 784 misere
1493 746 1702 795 corruptus
1723 746 1795 794 est,
1826 738 1968 793 quibus
1989 739 2091 780 Tre-

438 805 617 851 verensis
659 810 851 861 integram
891 808 1128 861 scripturam
1164 809 1365 852 offerebat.
1426 809 1724 862 Perlustremus‚
1764 806 1922 861 quando
1952 805 2089 848 librum

438 878 604 928 primum
636 881 676 915 et
705 877 858 916 tertium
900 878 937 916 in
968 876 1046 916 alia
1076 879 1308 928 quaestione
1339 889 1457 930 supra
1489 876 1748 929 adhibuimus,
1789 875 1993 916 Fastorum
2025 874 2089 915 al-

438 948 576 998 terum,
615 953 742 997 usqne
772 947 986 997 sequentes
1016 943 1226 986 editionem
1261 945 1554 987 Merkeiianam.
1615 942 1831 996 Corruptos
1871 942 2090 996 reperimus

437 1014 476 1054 in
505 1022 583 1053 uno
613 1012 680 1053 iiio
712 1011 814 1054 libro
845 1012 917 1053 hos
941 1011 1098 1054 LXXXI
1129 1013 1250 1069 iocos,
1284 1014 1347 1056 nbi
1369 1014 1626 1056 Treverensis
1656 1015 1808 1066 integer
1838 1017 1923 1053 erat
1952 1016 1990 1052 et
2020 1020 2089 1051 re-

437 1085 593 1134 ceptam
624 1091 647 1120 a
680 1080 872 1122 Merkeiio
903 1082 1136 1134 scripturam
1168 1081 1407 1135 praebebat:
1442 1083 1483 1136 ti,
1515 1081 1775 1124 30104107
1801 1080 1874 1121 151
1906 1078 2089 1120 178192

438 1149 520 1190 222
553 1149 635 1189 247
669 1149 752 1190 248
783 1149 866 1190 268
896 1149 980 1190 280
1010 1150 1091 1190 285
1125 1151 1207 1191 286
1239 1152 1321 1192 309
1354 1152 1428 1192 311
1468 1151 1550 1192 318
1581 1151 1662 1192 319
1694 1150 1774 1191 322
1798 1149 1879 1191 332
1904 1148 1983 1189 333
2008 1147 2090 1188 338

439 1216 516 1257 351
555 1216 638 1258 370
670 1217 745 1258 381
785 1217 867 1258 394
897 1217 979 1258 403
1011 1219 1094 1258 419
1125 1218 1209 1260 430
1239 1219 1320 1260 433
1353 1220 1434 1260 435
1466 1219 1549 1260 436
1580 1219 1661 1259 437
1693 1218 1776 1259 439
1797 1217 1881 1258 444
1901 1216 1985 1257 450
2006 1215 2091 1257 478

18 1295 67 1447 Χ
438 1284 523 1326 486
554 1284 636 1326 487
670 1283 754 1326 488
783 1286 866 1326 497
898 1285 981 1326 498
1013 1285 1093 1326 505
1127 1287 1208 1327 519
1241 1287 1323 1327 524
1355 1287 1436 1328 539
1469 1288 1550 1327 557
1582 1286 1662 1327 565
1696 1285 1777 1326 579
1801 1284 1873 1326 581
1905 1283 1986 1324 592
2008 1283 2089 1324 627

438 1351 521 1391 637
554 1350 638 1391 640
669 1351 751 1391 667
786 1352 869 1392 704
901 1352 982 1392 706
1015 1352 1097 1393 718
1128 1355 1210 1393 744
1243 1354 1323 1393 752
1356 1354 1435 1394 763
1468 1354 1550 1394 764
1581 1354 1655 1393 771
1693 1354 1776 1393 774
1799 1354 1879 1393 777
1904 1351 1986 1393 780
2005 1351 2082 1392 801

436 1418 522 1460 804
551 1418 635 1460 805
667 1417 745 1459 821
782 1417 865 1459 822
896 1419 980 1460 829
1009 1419 1093 1460 836
1123 1420 1201 1460 841
1237 1420 1321 1461 846
1350 1420 1435 1461 858
1464 1420 1557 1461 862.
1600 1420 1778 1461 Proiecto
1795 1419 1973 1472 posthoc
1989 1429 2085 1471 spe-

438 1485 567 1527 cimen
599 1495 676 1526 non
707 1496 807 1537 opus
838 1491 900 1526 est
930 1486 1042 1538 plura
1071 1486 1234 1528 addere.
1267 1509 1318 1515 —

572 1552 651 1594 lam
697 1563 908 1605 possumus
954 1554 1005 1594 de
1050 1553 1124 1594 hoc
1169 1564 1326 1607 quoque
1371 1554 1505 1595 codice
1549 1554 1806 1596 ratiunculam
1851 1553 2085 1595 subducere.

437 1620 576 1664 Codex
606 1621 856 1663 Monacensis
888 1622 934 1662 li.
977 1622 1206 1664 mendosum
1246 1628 1308 1664 est
1348 1629 1386 1664 et
1426 1628 1653 1675 corruptum
1685 1623 1955 1676 apographum
1986 1622 2087 1663 Tre-

436 1690 628 1743 verensiS‚
670 1688 774 1742 quod
820 1700 955 1742 parum
986 1689 1102 1731 habet
1132 1691 1379 1732 auctoritatis
1410 1696 1528 1744 atque
1559 1691 1743 1732 momenti
1774 1690 1823 1731 ad
1853 1690 2086 1743 scripturam

20 1805 25 1811 Ι
438 1757 643 1798 Fastorum
667 1757 991 1798 constituendam.
1022 1768 1110 1798 nam
1140 1757 1206 1798 ubi
1238 1769 1325 1799 curn
1356 1759 1587 1798 Treverensi
1611 1759 1813 1810 consentit,
1843 1758 1937 1798 nihii
1960 1767 2087 1798 novae

7 1789 24 1856 ἓ
436 1825 684 1866 auctoritatis
704 1825 831 1865 affert.
865 1836 1001 1877 parum
1038 1827 1151 1878 enim,
1182 1826 1364 1879 quamdiu
1394 1827 1649 1878 archetypum
1680 1831 1799 1880 extat,
1831 1825 1881 1866 ad
1912 1827 2086 1866 criticam

5 1860 22 1952 f
436 1892 623 1946 ponderis
654 1892 773 1934 adicit
804 1894 1123 1946 apographorum
1154 1894 1258 1935 iilius
1290 1905 1505 1936 consensus
1536 1899 1601 1935 aut
1632 1894 1849 1936 multitudo.
1894 1893 1959 1935 ubi
1991 1905 2086 1934 vero

7 1957 11 1962 ’
437 1970 514 2001 non
546 1962 756 2014 conspirat,
788 1961 1020 2014 plerumque
1051 1967 1258 2014 corruptus
1289 1968 1362 2003 est.
1396 1964 1604 2015 perpaucis
1635 1967 1781 2004 tantum
1813 1962 1910 2003 locis
1940 1961 2086 2015 ahquid

437 2030 585 2082 proprii
615 2028 763 2070 habere
793 2031 960 2084 videtur,
1001 2032 1066 2084 qui
1098 2035 1229 2072 tamen
1260 2042 1336 2072 non
1366 2033 1451 2072 sine
1482 2033 1662 2073 cautione
1692 2036 1732 2071 et
1760 2033 1986 2087 suspicione
2015 2041 2085 2074 rc-

439 2095 628 2152 spiciendi
655 2102 757 2139 sunt.
