2086 3374
787 154 841 161 -.
898 114 1067 176 73·-

218 252 394 305 Oodox
431 250 773 302 mermes.
1034 249 1209 301 codem
1240 249 1577 300 Menum·
1597 249 1674 303 IL

100 337 173 392 ΙΙΙ,
201 335 287 378 807
314 333 464 389 iupiter
956 333 1108 386 iupiter

95 401 179 444 8⁰8
206 402 358 442 miluus
387 407 432 441 et
460 401 662 443 emeritus
955 400 1122 441 miluius
1153 405 1197 440 et
1225 400 1428 442 emeritus

96 468 179 510 810
206 468 457 522 numinaque
487 467 700 510 adiunctis
728 491 781 499 —-
955 466 1209 520 numinaque
1238 466 1448 512 adiunctis
1479 488 1528 496 —

207 531 356 575 diebus
385 533 521 574 habes
694 530 696 532 ’
955 530 1105 572 diebus
1134 532 1263 573 habet

95 599 179 641 813
207 611 335 654 super
364 600 461 641 fusa
954 611 1083 651 super
1113 599 1226 652 fusa,
1256 613 1293 646 v,
1319 612 1354 641 ε.

3 702 6 705 .
94 667 179 707 814
206 667 380 707 ensibus
410 667 568 707 exertis
955 665 1128 706 ensibus
1158 666 1345 719 expertis

94 732 177 773 815
205 738 435 787 tenereque
465 738 612 772 ornate
953 736 1212 785 teneraeque
1241 738 1388 773 ornate

93 797 176 839 817
202 800 341 840 lanam
371 799 529 839 mollire
559 798 697 851 puelle
954 797 1093 838 lanam
1123 798 1281 840 mollire
1314 799 1532 854 trahendo,
1562 814 1599 844 v.
1626 815 1662 844 a.

93 864 176 905 820
202 872 314 918 pect.
345 864 496 905 denset
952 869 1064 916 peot.
1093 864 1262 919 densat,
1292 879 1330 909 v.
1357 880 1391 909 ε.

92 929 176 971 824
203 931 318 985 tycio
951 930 1082 982 phitio

91 994 176 1037 825
204 1009 312 1050 epeo
950 1009 1088 1051 epepo

91 1061 174 1103 827
200 1063 366 1116 phebea
949 1063 1131 1115 phebeia

90 1128 173 1169 829
201 1130 332 1170 uerba
364 1130 441 1169 feri
470 1141 603 1169 sensu
634 1151 683 1158 -—
949 1129 1071 1172 turba
1100 1127 1224 1185 deam
1252 1141 1400 1182 sensu,
1430 1144 1482 1174 m·
1509 1131 1553 1173 2.

201 1194 423 1238 fraudente
950 1193 1188 1248 fundente,
1218 1194 1259 1237 1.
1288 1208 1340 1237 m.

89 1260 167 1304 831
290 1263 427 1303 celum
461 1285 509 1291 —
949 1261 1086 1303 celum
1117 1284 1169 1291 ——

200 1328 407 1373 coloribus
437 1329 522 1370 uris
949 1328 1159 1370 coloribus
1189 1334 1314 1382 aptas

89 1393 171 1436 835
200 1406 282 1449 qua
310 1406 432 1436 mons
462 1394 581 1437 desc.
948 1406 1030 1447 qua
1059 1395 1168 1435 iouis
1198 1394 1331 1448 desc„
1361 1394 1403 1434 1.
1431 1409 1484 1440 m.

88 1460 171 1501 836
199 1461 267 1503 hic
294 1462 362 1502 ubi
394 1483 445 1491 —
477 1468 545 1501 est
575 1483 623 1490 —
656 1467 722 1501 est
947 1460 1030 1500 huc
1059 1462 1125 1501 ubi
1159 1486 1210 1492 -
1240 1468 1308 1503 est
1331 1465 1468 1514 primo
1498 1461 1587 1502 loco
1616 1461 1696 1505 abi.

198 1527 325 1579 plana
946 1526 1072 1578 plena

87 1590 169 1636 838
197 1592 310 1646 cepit
946 1593 1061 1645 cepit

86 1657 165 1700 841
195 1658 280 1700 843
307 1664 382 1700 aut
410 1658 507 1712 quia
945 1664 1019 1699 aut
1047 1659 1160 1713 quia,
1191 1673 1227 1699 v.
1259 1673 1341 1702 scr.

85 1722 169 1766 844
196 1723 278 1766 hoc
307 1727 432 1779 signo
461 1725 581 1764 litera
614 1724 745 1777 prima
944 1722 1025 1764 hoc
1055 1724 1180 1778 signo
1209 1727 1330 1766 litera
1359 1727 1491 1779 prima

86 1789 169 1834 845
197 1803 252 1833 an
282 1790 393 1846 quod
944 1803 998 1829 an
1027 1791 1125 1843 quia

85 1856 169 1897 846
197 1858 319 1900 exilio
348 1858 490 1899 iubeat
944 1857 1070 1899 exilio
1099 1857 1241 1900 iubeat

85 1921 168 1963 849
196 1923 324 1965 thuba
354 1935 508 1966 canora
944 1926 1043 1965 tuba
1074 1948 1124 1954 -
1156 1937 1312 1967 canora

86 1987 168 2029 850
196 1995 407 2030 ammonet
942 1997 1155 2032 ammonet

85 2053 168 2095 852
195 2056 320 2109 pixee
942 2057 1054 2098 fixee

85 2119 169 2160 854
195 2122 305 2161 solet
941 2124 1066 2176 solet,
1092 2129 1248 2176 partim
1276 2128 1323 2165 in
1351 2139 1435 2167 ras,

84 2183 166 2226 856
194 2185 373 2240 delphic.
941 2189 1080 2233 deific.

83 2250 166 2291 857
194 2254 365 2294 nunciat
940 2258 1112 2297 nunciat

83 2317 165 2358 858
191 2319 269 2359 861
302 2320 397 2361 frixi
425 2344 481 2352 —
510 2320 644 2361 frixus
942 2323 1036 2364 frixi
1063 2349 1121 2356 —
1149 2325 1282 2366 frixus

83 2383 165 2425 860
194 2384 480 2439 compulerant
939 2391 1230 2442 compulerant

83 2448 161 2489 861
192 2456 381 2502 tempora
938 2454 1118 2506 timpora

82 2512 165 2555 864
192 2520 236 2556 et
263 2514 361 2556 ferit
939 2525 982 2561 et
1010 2518 1108 2576 fert,
1138 2534 1190 2564 m.
1218 2522 1259 2562 1.

81 2578 165 2619 866
192 2579 313 2634 eripit
340 2582 437 2621 inde
939 2586 1061 2638 eripit
1089 2587 1159 2626 illa

82 2645 165 2686 872
192 2653 236 2687 et
265 2654 465 2690 extentas
938 2657 982 2693 et
1010 2657 1231 2709 extensas,
1263 2666 1314 2697 m,
1343 2653 1383 2697 1.

81 2708 163 2751 876
192 2712 366 2756 cholcas
937 2719 1082 2759 colcas

80 2777 163 2816 8⁷9
192 2780 390 2820 clauserit
938 2787 1165 2840 clauserat,
1197 2786 1237 2828 1.
1263 2800 1316 2829 m·

80 2840 163 2882 882
189 2844 310 2896 pacis
338 2852 458 2887 eruut
936 2852 1057 2905 pacis
1086 2857 1207 2892 erunt

190 2911 360 2963 explicit
388 2914 490 2954 liber
514 2915 584 2955 111.
610 2914 752 2968 incipit
779 2917 869 2960 111¹.
937 2919 1108 2971 explicit
1135 2919 1238 2958 liber
1267 2917 1337 2960 111.
1365 2916 1508 2970 incipit
1536 2917 1627 2960 1111.

1416 3062 1460 3095 10
