2086 3454
777 157 832 165 -
888 131 948 179 25
1004 156 1059 163 -

190 252 365 303 Codex
395 253 711 303 Pacuvianus
745 254 788 301 Ι.
1073 253 1248 303 codex
1286 251 1656 315 Treverendq„

92 335 176 377 392
204 336 371 390 quidem
400 335 479 376 sed
510 342 650 377 tamen
953 336 1120 392 quidem
1150 341 1218 377 est
1246 334 1323 376 sed
1517 296 1727 422 173⁶:ss

93 401 178 443 393
206 403 455 443 celebrabas
954 403 1198 444 celebrabat
1616 405 1708 469 (ἐνί

93 466 177 507 395
206 469 317 522 lyaei
954 471 1050 511 licei
1708 450 1743 474 ²
1772 475 1807 495 ω

94 531 178 572 396
205 534 309 573 iocis
337 556 392 562 —
420 534 584 574 alienus
604 536 697 589 erit,
728 549 754 574 a
774 536 814 576 1.
834 549 885 577 m.
954 537 1035 577 loci
1063 559 1117 566 -
1146 536 1310 576 alienus
1340 539 1433 574 erat
1844 507 1876 546 ⁹⁰·

95 596 177 639 400
206 599 359 652 quique
397 600 545 640 rubero
583 601 732 642 auidas
770 599 887 657 [sec.
955 603 1023 654 qui
1061 602 1268 654 rubroque
1307 597 1468 640 auidas.
1506 599 1565 637 ad
1597 611 1632 637 v.
1671 597 1746 638 15.

205 663 382 720 sched.)
1062 668 1321 719 adscriptum
1337 670 1424 705 est:
1443 665 1512 719 qui
1528 665 1649 705 rubro
1665 677 1747 717 pa-

1063 732 1187 773 uidas
1216 732 1387 785 inguine
1416 737 1546 771 terret
1575 743 1692 771 aues.

96 794 178 835 405
207 796 356 836 naides
955 799 1132 840 naiades

95 859 179 901 406
209 860 388 902 aderant
955 866 1102 907 aderat

96 927 178 968 415
207 927 341 969 decus
955 932 1063 972 deus

96 994 179 1033 417
207 995 343 1034 solam
372 997 557 1048 suspirat
588 998 627 1036 in
658 998 767 1037 illam
954 999 1047 1038 sola
1076 998 1261 1049 suspirat
1291 996 1331 1034 in
1361 995 1429 1035 ina

95 1057 179 1099 420
208 1060 320 1099 uoltu
954 1065 1069 1104 uultu

96 1125 180 1165 424
208 1126 303 1165 lusu
607 1169 609 1171 ,
955 1131 1063 1171 Ιιιεο.
1090 1142 1221 1178 mara.
1250 1126 1346 1166 ludo

96 1190 180 1230 428
208 1192 301 1243 ipsa
329 1192 394 1230 sui
425 1191 549 1232 flatus
956 1195 1049 1247 ipse
1079 1195 1144 1234 sui
1173 1194 1298 1233 flatus

60 1291 64 1297 .
98 1257 181 1296 444
209 1256 356 1296 modos
956 1272 1087 1300 sonos

99 1321 182 1362 445
210 1321 288 1363 sed
317 1323 373 1362 nil
956 1324 1038 1366 sed
1066 1324 1190 1366 nichil

99 1388 182 1428 447
211 1395 277 1429 est
306 1403 381 1429 om.
957 1403 1123 1444 queque
1153 1397 1222 1431 est

100 1454 182 1495 448
209 1468 319 1496 nunc
348 1455 474 1508 pinna
958 1469 1069 1497 nunc
1098 1470 1237 1510 penna

101 1520 183 1561 452
212 1522 336 1561 utitur
956 1522 1084 1563 uritur

100 1586 182 1626 453
211 1588 353 1626 iuuent
957 1589 1100 1628 iuuant

100 1651 184 1690 454
212 1652 361 1693 inache
392 1653 505 1693 laute
958 1652 1111 1692 inache
1141 1652 1254 1693 laute

101 1716 183 1756 455
213 1718 320 1757 deae
350 1721 524 1774 positis7
563 1735 589 1759 a
624 1722 661 1763 1.
689 1736 739 1764 m.
782 1723 889 1763 deae
959 1724 1082 1758 nocte
1112 1718 1193 1757 dee
1224 1719 1360 1759 noctis

211 1786 376 1838 positus
405 1800 431 1825 a
459 1788 500 1825 2.

102 1851 179 1890 461
211 1851 369 1891 tithono
400 1860 443 1892 ut
475 1860 573 1893 nuta
603 1855 747 1895 relicto
960 1851 1088 1891 titono
1119 1863 1269 1891 aurora
1299 1851 1445 1891 relicto

102 1917 183 1956 465
212 1924 360 1969 petunt
389 1931 544 1959 causas
959 1924 1099 1969 petam
1130 1928 1287 1957 causas

102 1981 184 2020 466
213 1982 365 2037 derigit
960 1983 1111 2036 diriget

96 2047 182 2095 ‚484
215 2052 354 2101 magni
386 2052 541 2091 crimen
960 2049 1126 2101 magnis
1157 2048 1314 2088 crimen

103 2112 187 2152 494
216 2126 350 2154 uacua
959 2125 1094 2153 uacuo

103 2180 185 2219 497
213 2181 398 2220 euander
427 2188 469 2221 et
500 2182 616 2222 firma
648 2190 787 2223 mente
960 2180 1146 2220 euander
1170 2186 1213 2220 et
1232 2182 1351 2221 firma
1367 2185 1521 2222 mente.
1550 2193 1680 2231 marg.
1711 2181 1750 2220 u!

1070 2247 1214 2287 firmus

103 2306 186 2347 503
213 2321 365 2361 pupem
960 2322 1143 2363 puppem

103 2374 186 2414 506
215 2380 329 2415 tecta
959 2381 1077 2415 texta

103 2440 186 2480 507
214 2441 408 2481 insistere
439 2442 567 2493 ripae,
595 2455 673 2491 pro
704 2455 739 2483 v.
768 2457 849 2484 scr.
960 2443 1158 2482 insistere
1188 2443 1275 2493 ripe

103 2506 187 2546 512
217 2519 428 2547 nemorum
446 2508 578 2547 siluae
601 2531 654 2537 —
681 2521 893 2550 nemorum
961 2520 1174 2548 nemorum
1206 2508 1372 2561 nimphe

216 2574 334 2614 uisae
363 2586 400 2615 v.
429 2587 509 2613 scr.

104 2639 187 2682 520
217 2641 361 2680 martis
392 2647 496 2693 erat,
527 2654 553 2679 a
581 2641 620 2681 1.
649 2656 699 2680 m,
961 2642 1107 2682 martis
1138 2641 1215 2681 erit

63 2699 65 2705 ’
104 2705 189 2745 524
216 2707 351 2746 obruit
961 2710 1109 2750 obruet

104 2772 187 2812 526
215 2787 325 2814 nunc
354 2775 485 2813 minor
962 2788 1043 2816 nec
1071 2774 1204 2814 minor

104 2843 188 2883 533
215 2857 391 2885 recuses
962 2835 1134 2900 recusfit

104 2907 187 2947 536
215 2910 312 2949 iulia
342 2922 492 2949 nomen
963 2913 1060 2952 iulia
1091 2923 1243 2951 nomen

104 2971 182 3012 541
216 2979 331 3015 tecta
361 2987 498 3028 neque
530 2973 634 3014 alter
964 2981 1076 3017 tecta
1110 2986 1189 3015 nec
1220 2975 1324 3013 alter
