2086 3454
192 239 366 294 codem
399 241 713 290 Petavicmus
747 239 790 287 Ι.

93 321 177 364 393
205 328 264 376 at,
296 329 340 364 at
367 336 419 367 m.
448 323 487 366 1.

93 387 176 429 394
204 402 257 428 ex
287 389 378 429 istis

95 453 178 495 395
206 456 319 495 uoltu

96 521 179 562 402
207 534 382 574 corpora
411 521 597 562 subierat
626 522 720 573 dep.

96 586 178 628 403
206 588 441 641 uagierunt,
473 601 498 627 a
527 588 567 628 1.
596 602 646 629 m.

95 651 179 693 406
207 653 289 695 tab.
319 653 432 694 dedit
462 668 548 695 var.
577 668 658 696 scr.

95 719 177 759 408
206 719 289 760 def.
321 720 448 773 cadit,
479 735 622 763 v.’scr.

95 784 178 824 416
206 785 326 839 fingit

95 849 179 891 423
207 856 420 905 nuptaque
451 851 679 906 despectas

95 937 178 978 433
206 938 397 979 inciduus

96 1002 178 1043 440
206 1004 403 1056 obstipuit

95 1069 177 1108 469
204 1070 395 1122 gemellis

95 1133 178 1174 470
207 1147 358 1175 nomen
387 1135 513 1175 habet

94 1199 176 1240 475
205 1212 329 1240 cures

94 1265 178 1306 483
205 1266 414 1307 intercidit
442 1268 569 1308 altum

95 1330 177 1371 485
206 1332 245 1371 in
276 1334 444 1373 caerula

94 1398 177 1439 490
204 1405 296 1438 tura

94 1462 170 1502 491
205 1464 343 1505 nubila
373 1466 478 1506 caeli

93 1527 177 1568 500
204 1530 530 1584 horrueruntque

94 1595 176 1637 504
207 1610 286 1637 nec
316 1598 471 1638 uiolent
498 1622 552 1628 -
581 1599 733 1639 lumina

94 1660 177 1701 505
207 1664 325 1703 turba
355 1666 544 1718 quiritum

94 1728 176 1769 519
206 1730 380 1784 uisibus,
411 1746 437 1771 a
467 1732 507 1771 1.
536 1746 587 1773 m.

92 1795 175 1835 5⁶24
204 1803 409 1850 temperet
437 1799 531 1851 ipsa

92 1862 175 1902 525
203 1877 314 1904 nunc

92 1930 175 1971 530
204 1932 350 1971 relicta

91 1996 176 2036 536
205 2010 432 2050 parcaque,
463 2012 488 2036 a
517 2000 558 2037 2.
588 2013 638 2037 m.

91 2061 168 2101 551
202 2063 311 2103 latos
341 2063 526 2102 ululasse

91 2127 174 2166 556
203 2135 403 2180 expectat
433 2142 558 2181 puros

91 2326 173 2366 564
203 2331 342 2366 errent

90 2393 173 2433 565
202 2399 342 2432 tamen
373 2392 480 2431 haec
511 2395 627 2433 ultra.

202 2471 326 2511 quam
356 2458 464 2510 quod
496 2459 562 2500 de.

203 2524 415 2578 supersint

91 2591 173 2630 566
202 2591 362 2630 luciferi
393 2592 502 2644 quod
532 2593 686 2631 habent

202 2662 346 2697 nostra
377 2656 468 2698 dies

91 2723 174 2762 569
203 2724 242 2761 in
272 2722 409 2762 medio

91 2782 175 2823 570
204 2788 345 2823 tamen
375 2784 439 2823 ina

91 2842 174 2882 573
203 2848 301 2881 ωηο

91 2901 173 2941 576
200 2908 367 2941 mentae

92 2960 174 3001 580
204 2962 313 3001 dicet

776 141 829 148 —
885 114 1053 167 29.—

1066 234 1240 286 Codeae
1279 232 1617 301 Treverensie.

947 319 1001 358 ha
1030 320 1218 372 quam‘s.
1247 316 1408 356 similes
1437 327 1560 367 quam
1590 314 1705 352 form.

948 398 1002 424 ex
1030 384 1110 424 iuis

948 451 1061 491 uultu

948 529 1125 570 corpora
1153 516 1341 557 desierat
1377 514 1472 567 dep.

947 583 1168 637 uagierant

947 651 1030 691 tab.
1059 650 1135 689 fuit

948 716 1031 756 del.
1063 715 1187 756 sedet

946 782 1067 835 lingit

948 854 1076 900 nupta
1106 845 1202 900 quid
1233 849 1464 898 exspectas

947 909 1138 976 inciduus

947 1002 1160 1054 obstupuit

946 1068 1116 1121 gemelli

948 1133 1086 1173 cernis
1116 1132 1256 1173 sidera
1286 1144 1438 1171 numen
1468 1129 1623 1168 habent

948 1199 1074 1252 quiris

948 1266 1020 1307 int.
1050 1265 1157 1305 alter

946 1333 986 1371 in
1016 1331 1157 1371 sidera

946 1400 1035 1438 iura

948 1465 1085 1505 nubila
1115 1464 1251 1503 celum

947 1532 1275 1582 horruerantque

949 1611 1000 1637 ne
1031 1597 1183 1637 uiolent
1221 1618 1264 1623 ——
1300 1593 1450 1633 lumina

948 1664 1067 1702 turba
1098 1662 1299 1714 quirinum

948 1729 1092 1768 usibus

949 1800 1156 1848 temperet
1185 1794 1253 1834 illa

949 1870 1047 1904 tunc

949 1933 1094 1972 relicta

948 2010 1163 2051 paruaque

949 2065 1140 2116 latosque
1156 2063 1358 2110 uiuiasse,
1390 2073 1416 2098 a
1432 2060 1474 2099 1.
1489 2072 1540 2099 m.
1567 2056 1736 2096 uolasse

948 2135 1172 2180 exspectat
1199 2140 1326 2180 puros

949 2196 1072 2248 pinea
1102 2194 1200 2234 teda
1231 2192 1336 2232 dies.
1367 2204 1498 2240 marq.
1527 2203 1554 2228 α
1581 2201 1663 2229 rec.
1686 2201 1737 2227 m.

1057 2263 1097 2301 ul
1127 2261 1259 2301 focos.

948 2333 1103 2380 errent,
1134 2328 1213 2367 sub
1244 2339 1327 2366 raS.

948 2399 1088 2433 tamen
1118 2394 1198 2433 hec
1227 2393 1332 2431 ultra

948 2472 1072 2512 quam
1104 2466 1164 2500 tot
1194 2459 1246 2499 de

948 2532 1175 2578 supersunt

946 2593 1024 2632 luc.
1057 2599 1157 2645 quot
1186 2592 1339 2632 habent

947 2664 1092 2698 nostra
1122 2657 1267 2712 pedes.
1296 2658 1492 2706 adscript.
1526 2652 1618 2693 dies

947 2723 985 2761 in
1017 2724 1166 2764 mediis

946 2789 1088 2824 tamen
1118 2786 1209 2838 ipsa

947 2851 1047 2885 tunc

947 2912 1088 2945 menta
1119 2930 1170 2935 —
1200 2910 1297 2945 ante
1325 2918 1431 2944 corr.
1462 2905 1655 2946 obtusum

947 2966 1051 3006 dixit
