2086 3454
782 147 1063 199 ,27-

198 274 373 326 Codex
403 275 719 325 Petavianus
753 276 795 325 Ι.

98 357 182 399 680
209 358 376 413 gelidas
405 359 534 399 herba
563 359 617 399 sit
647 365 744 400 usta

98 424 183 467 683
207 439 366 481 graues
395 427 532 466 cultus

98 557 182 598 687
207 558 340 611 robig.

97 622 181 664 688
209 624 366 676 paueat
395 630 502 666 usta.
532 629 636 665 teste
666 622 851 665 Gronov.

98 687 182 727 707
208 689 277 727 illa
307 688 399 728 dies

97 752 181 795 713
210 752 378 808 desunt,
409 768 497 798 var.
525 757 667 808 script.

97 820 181 860 718
208 821 383 862 timebat

97 884 180 925 722
209 890 253 926 at
281 887 350 938 pia

100 1085 152 1138 ΙΙ,
169 1084 196 1125 2
225 1090 270 1124 ut
298 1084 368 1124 hic

151 1151 180 1192 8
209 1157 252 1192 et
281 1151 374 1206 quis

130 1216 182 1256 15
211 1223 254 1256 et
284 1223 355 1257 tua

128 1283 181 1324 17
208 1297 303 1324 mea
334 1285 535 1338 carmina,
567 1299 603 1326 v.
631 1299 711 1326 scr.

126 1349 182 1390 22
210 1363 335 1403 quae,
365 1364 392 1390 a
421 1350 460 1391 1.
490 1364 542 1393 m.

123 1416 179 1455 24
207 1415 370 1456 turbida

124 1483 180 1523 27
207 1484 343 1536 ipsam
361 1505 408 1512 —
427 1483 680 1536 flamineam,
706 1485 785 1523 sub
804 1499 888 1526 ras.

124 1549 181 1590 33
209 1549 373 1603 pacatis

125 1615 181 1657 35
209 1615 457 1670 purgamina

125 1683 181 1723 39
210 1689 356 1723 auctor
384 1681 494 1722 idem

126 1748 182 1789 43
211 1755 420 1801 napactoo

125 1814 176 1855 51
209 1815 369 1856 mensis
385 1815 494 1855 enim
511 1815 593 1856 iani
606 1817 762 1869 primus
773 1819 885 1872 quia,

209 1885 312 1920 teste
343 1881 472 1921 Gran.

125 1946 182 1988 63
209 1953 399 2000 repertor

120 2015 182 2057 '79
211 2016 421 2056 caelatum
450 2014 598 2055 stellas

126 2083 177 2124 81
210 2096 286 2123 seu
317 2081 427 2134 fugit

127 2150 183 2190 92
211 2148 467 2200 obstipuisse

127 2216 183 2257 93
211 2216 322 2268 impl.
354 2212 488 2253 undas

126 2282 181 2322 95
209 2292 363 2334 pupem
394 2279 648 2320 conscendis

104 2349 178 2391 101
211 2360 361 2401 pupem

103 2415 182 2456 107
211 2414 465 2466 bistinctam,
496 2414 539 2453 2.
566 2424 617 2452 m.
647 2411 888 2452 distinctam

210 2482 249 2523 1.
277 2494 329 2522 m.

104 2549 183 2590 110
211 2546 467 2589 transiectus
495 2545 622 2598 pinna

101 2614 180 2655 115
208 2615 275 2654 iile
289 2606 449 2654 sedens
466 2612 751 2664 citharamque
775 2620 891 2654 tenet

208 2681 469 2732 pretiumque
479 2678 676 2732 uehendi,
688 2693 713 2718 a
724 2681 828 2721 am.
841 2705 886 2710 —

209 2745 411 2787 citharam
423 2746 618 2799 quatiens
630 2747 890 2802 pretiumque

101 2811 180 2852 117
208 2812 404 2866 delphina
435 2811 599 2852 uidebis
653 2813 655 2815 ’

101 2878 181 2919 120
209 2886 361 2931 pectus
389 2880 563 2931 habere,
594 2893 621 2918 a
647 2881 691 2921 2.
718 2894 772 2921 m.

103 2943 179 2983 121
212 2945 371 2985 alterno
400 2951 574 2999 pectore

103 3009 184 3049 122
212 3011 281 3050 hic
309 3011 452 3053 honor.
483 3012 619 3052 honus
647 3024 673 3050 a
706 3011 742 3052 1.
771 3025 823 3052 m.

1075 272 1252 326 Codex
1290 272 1630 324 TreverensiS.

955 358 1124 412 gelidas
1153 363 1249 399 usta
1278 359 1334 398 sit
1363 358 1492 397 herba

955 437 1113 478 graues
1143 426 1282 466 cultus
1312 437 1347 465 c.
1380 425 1504 466 culta.
1533 437 1664 475 mara.
1692 424 1745 464 ab

1064 493 1207 531 eadem
1233 505 1286 534 m.
1314 492 1356 531 ul
1385 492 1523 536 cultis.

955 558 1088 612 rubig.

954 626 1111 679 palleat
1140 625 1224 665 ulla

953 693 1023 730 ilia
1052 691 1144 730 dies

955 755 1096 798 desint

953 826 1128 865 timebat

953 890 1007 931 ad
1039 891 1106 943 pia

955 1086 1001 1122 ut
1027 1080 1108 1121 hic.
1136 1093 1268 1131 mary.
1295 1094 1391 1123 cum
1415 1083 1562 1135 glossa
1591 1084 1634 1128 it.

955 1153 999 1187 et
1027 1148 1121 1201 quis

955 1221 999 1254 at
1029 1221 1101 1254 tua

955 1294 1050 1321 mea
1080 1294 1267 1335 munera,
1298 1285 1325 1324 i.
1354 1297 1388 1324 e.
1417 1286 1606 1324 carmina

955 1350 1046 1402 quis
1076 1349 1208 1389 ueteri
1238 1348 1277 1388 in
1308 1349 1450 1404 lingua

954 1415 1118 1456 turbida

954 1484 1047 1536 ipse
1082 1506 1125 1511 -—
1161 1480 1396 1522 flamineam

953 1549 1135 1602 placatis

954 1615 1203 1669 purgamine

955 1681 1202 1735 antoridem,
1226 1694 1321 1721 cum
1332 1683 1478 1732 91033α
1489 1698 1504 1722 .·
1530 1686 1745 1737 patroclus

956 1749 1207 1802 naupactolo

956 1816 1114 1869 primus
1142 1814 1252 1854 enim
1282 1814 1363 1854 iani
1393 1817 1552 1858 mensis
1581 1818 1679 1871 quia

956 1954 1144 2003 repertor

958 2018 1138 2058 celatum
1168 2015 1304 2056 stellis

957 2095 1034 2123 seu
1063 2083 1141 2123 fuit

957 2149 1230 2202 obstupuisse

957 2217 1068 2270 impl.
1099 2215 1236 2255 undas

956 2295 1138 2334 puppem
1168 2281 1417 2322 conscendit

955 2348 1095 2402 pupim

956 2415 1020 2454 bis
1049 2415 1223 2454 tinctam

957 2547 1213 2589 transiectus
1240 2559 1380 2600 penna

956 2614 1024 2652 ille
1054 2613 1179 2653 sedet
1207 2612 1493 2666 chiteramque
1509 2618 1630 2653 tenet
1649 2627 1750 2666 pre-

957 2680 1141 2732 tiumque
1157 2678 1336 2732 ferendi,
1362 2693 1492 2729 mar-9.
1512 2679 1553 2719 ul
1569 2679 1749 2720 uehendi

957 2812 1154 2867 delphina
1183 2814 1345 2866 recepit

958 2885 1111 2932 pectus
1140 2880 1284 2921 inesse

957 2946 1117 2986 alterno
1146 2952 1320 2999 pectore

957 3012 1089 3051 honor
1110 3035 1154 3041 -
1177 3012 1243 3052 his
1259 3012 1398 3052 factis.
1415 3025 1544 3063 marq.
1567 3013 1607 3051 ui
1624 3013 1749 3053 fastis
