2119 3488
1703 0 1889 31 ”0²55251..
1928 0 1931 4 ·

535 283 713 337 Codex
751 284 1092 336 Treverensis.
1356 284 1531 337 Codes·
1567 285 1894 337 Monacensis
1926 283 2000 335 ΙΙ.

415 370 491 424 ΙΙΙ,
520 368 605 411 397
627 369 693 411 his
717 370 846 411 etiam
861 370 1041 411 coniunx
1059 370 1210 423 capitis
1278 370 1344 412 his
1359 370 1487 411 etiam
1502 371 1683 412 coniunx
1695 370 1848 424 capitis
1862 369 2069 412 discincta

527 433 735 478 discincta
766 436 888 478 dialis
1389 434 1510 476 dialis

413 500 498 543 399
526 503 660 543 tercia
690 526 743 533 -
774 502 966 544 dimensa
997 525 1047 532 —
1074 514 1177 543 suos
1279 501 1412 542 tercia
1440 526 1494 532 —-
1515 502 1707 543 >dimersa
1735 524 1787 534 ——
1818 502 1926 544 duos

414 566 494 609 401
526 569 684 610 austris
715 569 784 610 hie
813 575 882 609 est
1279 569 1437 609 austris
1465 568 1548 609 hoc
1577 575 1659 622 est,
1689 582 1741 612 m.
1771 569 1811 609 1.

415 632 500 674 402
528 646 681 674 nomen
711 641 930 688 utrumque
1279 647 1431 674 nomen
1461 640 1680 687 utrumque

416 698 500 741 403
527 699 704 740 tithonia
1280 700 1424 740 titania

415 765 499 806 404
527 766 689 818 ceperit
1280 765 1441 818 ceperit

416 831 500 873 405
527 831 765 885 artophilax
795 857 844 864 -—
877 834 1027 874 bootes
1280 831 1474 872 artofilax
1502 855 1555 862 —
1585 833 1734 875 boetes

417 898 500 941 408
528 911 661 952 parua
691 898 846 940 docere
1280 911 1411 952 parua
1439 898 1598 941 referre

417 964 500 1007 409
528 966 725 1018 ampelon
754 988 808 996 —
1280 966 1461 1019 anpelon

528 1031 672 1073 satiris
697 1029 829 1083 (corr.
845 1031 1002 1084 satiro)
1020 1031 1212 1084 nimpha-
1280 1031 1438 1084 satyris
1467 1044 1503 1073 v.
1532 1043 1614 1074 scr.

530 1110 612 1150 que
1280 1097 1532 1150 nimphaque

418 1163 497 1203 411
530 1162 786 1216 pendentem
817 1176 841 1204 e
870 1163 1087 1204 frondibus
1280 1161 1534 1215 pendentem
1566 1176 1589 1202 e
1618 1163 1773 1203 uitibus

419 1227 501 1268 414
529 1227 633 1268 liber
1281 1228 1443 1269 bachus

418 1293 501 1335 415
529 1294 784 1349 ubieterra,
814 1309 1028 1348 super-scr.
1052 1309 1214 1337 oceano
1281 1295 1350 1336 ubi
1380 1308 1403 1335 a
1434 1301 1545 1335 terra
1576 1319 1626 1326 —-
1655 1295 1851 1348 olimpum

529 1373 556 1399 a
584 1373 666 1400 rec.
695 1374 746 1401 m.
777 1385 829 1391 —
859 1362 1054 1416 olimpum

420 1426 503 1467 416
530 1426 697 1480 phebus
1282 1428 1446 1482 phebus

418 1493 502 1533 422
530 1493 675 1534 iuncta
703 1492 820 1534 uidet
1282 1495 1424 1535 iuncta
1452 1492 1568 1533 uidet

418 1558 502 1601 427
530 1558 649 1600 fouet
676 1558 745 1600 ille
1285 1560 1402 1601 fouet
1430 1560 1522 1613 ipse

418 1624 501 1666 43⁰
529 1631 575 1665 ut
603 1625 710 1664 iouis
740 1631 840 1665 ante
1281 1632 1327 1666 ut
1355 1627 1462 1666 iouis
1491 1631 1590 1665 ante

418 1690 501 1732 435
530 1703 585 1731 ne
614 1696 757 1731 tamen
788 1715 836 1721 —
870 1692 1009 1733 obstet
1283 1704 1363 1732 nee
1393 1697 1534 1732 tamen
1564 1714 1617 1720 —-
1647 1691 1777 1731 instet

418 1757 501 1800 437
528 1757 681 1812 iupiter
714 1781 762 1787 -
793 1757 998 1800 iuueniles
1282 1758 1432 1811 iupiter
1462 1781 1513 1787 —-
1543 1758 1748 1798 iuueniles

417 1825 501 1865 438
529 1824 682 1864 deinde
711 1838 862 1866 manus
1283 1825 1434 1865 deinde
1463 1838 1613 1866 manus

415 1891 499 1933 439
527 1891 732 1945 gigantes
1281 1893 1484 1947 gigantes

417 1958 500 2000 440
528 1958 699 1999 inermis
1282 1958 1480 1998 inhermis

417 2025 497 2064 441
530 2038 634 2066 ossa
665 2025 787 2065 nouis
1282 2037 1383 2065 ossa
1411 2025 1518 2064 iouis

418 2091 501 2131 442
528 2091 640 2133 fixus
675 2092 812 2145 olimp.
1283 2091 1305 2131 f
1314 2103 1413 2134 ...s
1443 2090 1583 2144 olimp.

417 2156 500 2197 445
529 2156 763 2211 uegrandia
793 2178 837 2186 -
1282 2158 1389 2196 uehe
1419 2156 1594 2211 grandia
1634 2179 1676 2184 —

530 2224 695 2274 colone,
727 2238 938 2276 superscr.
968 2223 980 2261 i
1284 2225 1430 2264 colone

419 2291 502 2332 447
530 2292 597 2331 uis
627 2304 680 2330 ea
710 2291 747 2331 si
777 2291 893 2330 uerbi
923 2296 990 2330 est
1019 2312 1072 2318 —
1284 2291 1347 2331 uis
1374 2290 1444 2330 'est
1473 2291 1510 2330 si
1541 2290 1670 2341 uerbi,
1702 2289 1744 2330 1.
1772 2302 1822 2329 m.

533 2370 608 2398 cur
636 2369 718 2397 non
743 2369 826 2410 ego
852 2357 974 2406 iouis,
1006 2356 1083 2393 sed
1105 2357 1216 2394 inter
1284 2369 1357 2397 cur
1385 2369 1467 2396 non
1497 2368 1581 2408 ego
1611 2353 1744 2395 l'iouis

531 2436 614 2476 ego
672 2427 714 2461 et
770 2423 878 2463 iouis
929 2434 1086 2460 rasura
1140 2425 1215 2461 est.

530 2490 703 2529 uidetur
732 2489 772 2529 ul
803 2489 909 2529 iouis
936 2489 1078 2541 fuisse

419 2556 503 2596 448
531 2555 726 2609 suspicer
1283 2553 1476 2605 suspicor

420 2622 503 2664 452
531 2621 744 2676 respersis
1283 2619 1467 2672 repersis

420 2689 503 2730 456
532 2687 638 2729 fodit
1285 2686 1388 2727 fecit

421 2755 504 2796 458
533 2760 577 2795 et
605 2752 760 2794 nitidus
1285 2757 1328 2791 et
1356 2750 1498 2792 nitidis

423 2821 505 2862 459
533 2827 659 2862 nocte
690 2833 773 2861 cor.
1286 2823 1409 2857 nacte
1440 2830 1540 2870 con,
1571 2817 1610 2856 l.
1640 2830 1691 2858 m.

423 2887 500 2926 461
532 2887 684 2927 haeum
1284 2882 1462 2923 bachum

423 2951 505 2992 462
533 2951 723 3006 regenda
1284 2949 1474 3002 regenda

422 3018 507 3058 465
535 3018 714 3071 depexis
1285 3014 1475 3067 depexos
