2087 3488
946 248 1228 298 ...20-

256 386 284 415 a
303 385 380 415 rec.
400 384 454 414 m.
476 374 730 426 supet-script.
751 372 865 414 focus
893 395 947 403 -
978 370 1061 414 377
1092 372 1270 414 saturnia
1299 371 1414 414 dictis
1443 396 1497 404 —
1519 370 1602 414 379
1621 382 1834 425 sompnum
1857 397 1907 404 —

257 437 343 480 383
370 447 562 491 sompnus
593 460 646 467 —
678 435 761 478 382
789 436 909 478 unltis
944 460 992 466 —
1026 435 1110 478 387
1141 438 1301 478 uincere
1330 447 1451 489 posse
1479 437 1582 477 farne
1612 447 1708 489 spes
1738 460 1792 467 —
1827 436 1913 479 394

258 504 447 557 quaciens
476 525 530 533 —
561 502 691 557 capud
723 524 775 532 —
807 501 890 544 395
920 502 986 544 hic
1013 500 1082 544 ubi
1113 526 1163 533 —
1194 503 1352 544 iacuere
1385 527 1434 532 —
1470 499 1553 543 396
1583 511 1729 555 magna
1761 501 1913 544 redun-

258 568 360 611 datis
389 592 444 600 —
475 567 558 611 397
589 568 739 610 611161115
769 567 836 609 1116
864 567 977 609 lacus
1009 592 1059 597 —
1091 566 1177 610 400
1207 577 1434 620 quassaque
1467 590 1517 597 —
1549 565 1634 609 403
1666 566 1744 609 diu.
1764 566 1831 626 ille
1860 591 1911 598 —

258 633 345 676 404
372 633 424 675 ab
454 633 627 676 aduerso
659 658 709 664 —
740 632 825 675 407
854 634 894 674 111
922 644 1062 686 aquas.
1093 645 1119 675 a
1148 645 1228 675 rec.
1257 645 1311 675 m·
1341 645 1447 675 corr.
1479 636 1517 674 et
1546 643 1610 686 aq.
1643 632 1828 674 cohercet
1860 657 1908 663 -

259 696 344 740 408
372 697 439 739 1116
468 702 599 739 manet
628 721 682 728 —-
710 696 795 739 412
825 698 970 739 iccirco
1003 720 1052 727 —
1086 697 1170 740 413
1202 697 1458 739 dardanidas.
1489 708 1517 739 a
1542 704 1649 738 corr.
1670 707 1715 739 es
1745 722 1799 728 —
1829 696 1914 740 416

259 764 392 817 iugum
426 786 476 793 —-
507 761 592 804 419
623 764 815 804 sminteus
844 787 898 793 —
929 761 1124 804 obscurus
1155 763 1192 803 in
1223 762 1305 804 illo.
1345 785 1398 791 -
1439 760 1524 803 426
1555 766 1621 803 tuo
1651 766 1712 803 est
1745 786 1794 792 —
1829 760 1915 804 428

262 831 458 883 eripuisse
487 830 616 872 ferunt
657 856 709 862 —
751 831 836 873 429
866 832 905 872 in
935 832 1084 872 incerto
1115 835 1175 872 est
1215 841 1280 872 res
1320 836 1380 872 est
1419 855 1463 861 --
1511 829 1597 872 434
1625 829 1831 883 prophana
1864 855 1912 861 —

264 896 349 940 435
380 898 548 940 attonite
576 897 667 940 fleb.
700 897 862 941 dimisso
905 923 955 929 —
996 897 1080 941 443
1112 909 1256 952 aquum
1300 923 1348 930 —
1389 896 1474 941 439
1502 896 1625 940 tollite
1656 896 1821 941 flammis
1860 920 1914 927 —-

261 989 348 1031 454
377 994 438 1030 est
457 991 580 1030 omitt.
614 1013 664 1020 —
695 989 779 1030 455
810 961 964 1030 sicilioo
998 990 1168 1032 —·459
1200 990 1414 1042 euphraten
1447 988 1618 1041 aquilam
1653 1013 1703 1018 —
1736 987 1820 1030 460
1849 989 1916 1030 ille

264 1058 381 1100 datus
414 1083 464 1089 —
496 1057 581 1100 462
610 1057 780 1100 uindicet
810 1081 863 1087 -—
895 1058 981 1100 464
1010 1063 1137 1102 terent
1179 1085 1227 1090 —
1271 1058 1353 1101 465
1385 1057 1527 1099 delhna
1557 1080 1610 1086 —
1640 1056 1723 1100 467
1754 1056 1831 1098 frix
1864 1081 1913 1086 —

263 1127 383 1167 titone
417 1150 467 1156 —
499 1123 584 1167 470
613 1125 758 1167 tebane
788 1148 841 1154 ——
873 1125 956 1168 473
987 1126 1062 1168 hac
1085 1128 1124 1168 in
1145 1127 1233 1169 luce
1265 1152 1314 1157 —
1347 1125 1431 1168 474
1459 1126 1701 1179 septrigeras
1733 1149 1783 1155 -
1816 1123 1914 1165 475.

265 1191 361 1233 476.
399 1195 490 1243 post
515 1191 614 1232 477.
646 1191 743 1233 478.
772 1195 911 1244 positi,
955 1195 1027 1234 sed
1055 1199 1254 1235 corrector
1292 1196 1494 1245 culparem
1529 1194 1708 1234 ordinem
1737 1194 1915 1234 restituit.

266 1284 319 1289 —
351 1259 434 1303 476
465 1264 568 1301 tosta
598 1261 693 1313 petit
726 1284 776 1291 --
807 1258 891 1302 477
922 1259 1051 1303 bache
1084 1287 1134 1292 —
1168 1260 1288 1303 edera
1321 1285 1372 1292 —
1402 1257 1485 1303 483
1507 1259 1687 1302 athamas
1706 1258 1781 1303 sub
1801 1259 1918 1312 imag.

267 1326 347 1369 481
372 1332 538 1383 raptum,
569 1339 768 1381 superse-r·
800 1340 826 1369 a
847 1340 924 1370 rec.
945 1340 998 1370 m.
1029 1335 1143 1383 rapta
1174 1353 1221 1360 —
1255 1329 1383 1382 pelice
1417 1353 1466 1359 -
1498 1327 1580 1370 483
1609 1328 1683 1370 sub
1712 1330 1829 1381 imag.
1866 1352 1915 1358 —-
1987 1342 1989 1344 ·

267 1394 354 1437 484
382 1396 516 1436 laerce
559 1419 608 1425 —
655 1395 739 1436 485
772 1397 951 1437 laerceas
992 1421 1045 1428 —
1076 1397 1161 1439 489
1189 1399 1339 1450 spacio.
1370 1397 1547 1449 repulsit.
1579 1409 1681 1438 corr.
1714 1410 1740 1438 a
1765 1409 1843 1438 rec.
1864 1408 1915 1436 m.

270 1465 427 1518 repellit
457 1489 511 1495 -—-
541 1463 626 1506 492
656 1465 760 1506 misit
793 1491 841 1496 —
872 1464 956 1507 493
988 1465 1141 1507 illesam
1172 1476 1327 1520 panape
1360 1491 1410 1497 -
1440 1464 1526 1508 494
1554 1476 1626 1519 per
1646 1476 1718 1507 sua
1738 1465 1838 1507 freta
1867 1490 1916 1495 —

268 1529 353 1572 495
383 1530 568 1573 laucotoe
601 1557 650 1563 —›
683 1531 766 1574 496
798 1532 1011 1574 uerticibus
1041 1534 1142 1588 [sub
1171 1532 1348 1586 rasura)
1381 1533 1513 1575 densis
1555 1557 1599 1563 —-
1646 1532 1728 1574 497
1760 1532 1918 1575 dubium

271 1603 334 1640 est
365 1623 416 1629 -—-
448 1599 642 1641 stimilene
673 1623 725 1630 —
755 1600 839 1642 499
871 1601 1069 1642 archados
1098 1613 1189 1643 esse
1225 1625 1278 1630 —
1318 1601 1396 1643 501
1433 1603 1555 1642 lacias
1584 1606 1658 1642 sat.
1689 1601 1835 1642 baccas
1867 1624 1916 1630 —

270 1663 353 1706 503
383 1671 509 1718 rapte.
541 1679 645 1708 corr.
675 1679 702 1708 a
730 1679 808 1708 rec.
829 1680 881 1708 m.
908 1672 1045 1720 scepte
1076 1692 1129 1697 —
1160 1668 1244 1711 504
1273 1669 1396 1710 thoris
1434 1693 1477 1700 -
1510 1668 1593 1711 505
1624 1669 1720 1710 ritus
1750 1692 1803 1698 —
1837 1666 1920 1710 508

271 1733 427 1775 thiades
467 1757 520 1763 —
562 1735 701 1778 infusis
741 1736 778 1777 in
819 1759 872 1764 —
914 1735 997 1779 509
1026 1737 1184 1778 iniciunt
1224 1761 1266 1766 -
1307 1736 1483 1778 auellere
1513 1740 1702 1790 temptant
1742 1760 1793 1766 —
1836 1735 1915 1778 511

272 1801 404 1855 diique
438 1827 489 1833 —
520 1802 602 1845 513
634 1803 772 1844 etheus
802 1803 960 1845 hiberas
991 1827 1044 1833 —
1076 1804 1159 1846 517
1190 1804 1253 1846 hic
1286 1830 1335 1835 —
1368 1804 1483 1846 bachi
1517 1829 1567 1835 -
1604 1804 1688 1847 519
1716 1804 1785 1846 illa
1814 1804 1923 1846 dolet

275 1894 324 1900 —
356 1872 565 1923 presencia
598 1897 648 1902 —
681 1871 765 1914 520
795 1882 897 1913 esse.
922 1884 948 1913 a
967 1884 1046 1914 rec.
1068 1884 1122 1914 m.
1143 1875 1397 1925 superscriptt
1428 1874 1509 1914 isse
1542 1897 1590 1902 —
1624 1872 1706 1915 522
1735 1872 1922 1926 frequens

272 1948 413 1980 nomen
442 1949 602 1992 semper
628 1939 668 1980 in
698 1949 767 1980 ore
798 1943 917 1980 tuum.
948 1951 1067 1991 super
1093 1950 1235 1981 nomen
1263 1942 1573 1992 superscriptum
1603 1951 1627 1981 o
1657 1942 1721 1981 ino
1751 1962 1805 1968 —
1839 1939 1920 1982 525

273 2013 389 2061 tegea
422 2032 473 2039 —-
506 2007 589 2049 527
620 2008 772 2049 matral.
801 2008 869 2048 illa
888 2032 951 2037 ,-
982 2007 1066 2049 529
1098 2009 1293 2049 uenientia
1325 2033 1375 2038 —
1417 2008 1500 2050 530
1531 2009 1720 2061 hospiciis
1753 2033 1803 2039 —-
1838 2007 1920 2049 539

272 2076 468 2117 leucotoe.
498 2074 673 2117 multata.
698 2076 807 2128 grais
838 2100 891 2106 —
921 2074 1006 2118 540
1034 2079 1150 2129 portu
1181 2100 1233 2106 —
1266 2074 1343 2118 541
1379 2075 1588 2129 palemona
1618 2101 1671 2107 —
1702 2075 1785 2119 546
1816 2080 1921 2119 uetat

276 2166 326 2173 —
357 2141 441 2185 546
471 2143 506 2185 si
535 2143 638 2184 sinat
671 2143 760 2197 ipsa
792 2167 841 2173 —
884 2142 966 2185 547
999 2143 1179 2185 cadmeia
1209 2164 1262 2170 —
1294 2142 1377 2184 548
1407 2144 1591 2197 amplexu
1625 2168 1672 2174 w
1707 2143 1791 2185 550
1811 2148 1923 2185 cocta

274 2213 360 2253 dari
394 2236 444 2242 -
477 2210 561 2252 553
591 2221 678 2251 nec.
709 2222 737 2250 a
765 2222 844 2251 rec.
875 2222 928 2250 m.
957 2222 1061 2251 corr.
1094 2221 1171 2251 non
1202 2233 1254 2238 —
1287 2210 1371 2251 556
1401 2211 1529 2252 bacho
1551 2223 1667 2263 quam
1688 2211 1758 2252 fuit
1777 2212 1843 2253 illa
1868 2235 1922 2241 —

275 2279 357 2323 557
389 2280 495 2322 hanc
514 2277 583 2322 tibi
607 2279 810 2334 proposito
831 2283 1059 2321 memorant.
1082 2279 1334 2332 superscript.
1366 2289 1446 2333 quo
1466 2289 1670 2333 properas.
1699 2305 1752 2311 —
1783 2279 1924 2323 rutelli.

273 2361 451 2403 superse.
482 2348 600 2390 rutuli
640 2370 694 2376 —
737 2347 820 2389 559
853 2350 1040 2389 exscitus.
1082 2371 1135 2376 —
1178 2348 1397 2401 flumenque
1429 2348 1546 2390 teleni
1584 2373 1633 2378 —
1677 2347 1759 2390 562
1789 2348 1925 2390 cedius

275 2419 361 2461 564
391 2420 457 2472 qui
486 2421 741 2471 superscript.
775 2419 881 2471 quid.
928 2442 980 2447 -
1026 2418 1110 2460 565
1154 2429 1294 2460 seruus
1336 2423 1399 2459 est
1440 2422 1478 2459 et
1515 2422 1668 2460 constat
1706 2419 1807 2460 enim
1836 2417 1923 2461 sed.

274 2487 531 2539 super-script.
564 2486 640 2528 hoc
669 2490 825 2528 constat
856 2510 905 2516 -
938 2484 1019 2527 567
1050 2490 1130 2526 tum
1161 2484 1237 2525 dea
1268 2509 1320 2515 -
1352 2484 1436 2526 568
1467 2485 1715 2539 celestesque
1748 2509 1798 2515 —
1840 2486 1924 2529 572

276 2554 503 2598 fenestrelle
533 2578 587 2584 -
617 2552 701 2596 573
732 2553 863 2595 uultus
907 2577 956 2584 —
998 2551 1082 2595 575
1114 2550 1266 2606 plebes.
1298 2565 1325 2594 a
1353 2564 1433 2594 rec.
1466 2564 1519 2594 m.
1548 2564 1652 2595 corr⁴
1684 2564 1720 2594 m
1753 2578 1803 2583 —
1840 2553 1924 2596 579

277 2624 389 2681 tertia
422 2648 472 2655 —
504 2622 643 2676 spacio
677 2647 726 2653 -
761 2619 844 2663 578
873 2621 1058 2663 oculuere
1093 2647 1141 2652 —
1174 2619 1257 2663 582
1278 2622 1508 2664 extimulare
1539 2644 1592 2651 —
1623 2621 1706 2664 587
1728 2621 1924 2676 capud—

276 2701 441 2745 regnum
470 2690 616 2733 factum
647 2690 798 2732 dolore.
829 2692 1080 2743 superscript.
1113 2689 1215 2731 facio
1237 2689 1370 2731 dotale
1404 2716 1453 2721 —
1486 2689 1570 2732 588
1598 2692 1659 2732 uir
1688 2701 1732 2731 es
1762 2689 1927 2733 indictas

277 2759 362 2801 590
392 2760 525 2811 tingue
558 2784 608 2790 —
642 2757 726 2800 592
756 2757 899 2811 uulgus
932 2783 980 2788 —
1018 2757 1100 2800 593
1132 2763 1171 2798 et
1201 2757 1333 2800 cedes.
1366 2771 1393 2800 a
1422 2771 1498 2801 rec.
1530 2771 1582 2801 m.
1613 2770 1808 2811 superscr.
1839 2759 1928 2801 hinc

278 2826 400 2869 cedes
442 2851 492 2857 —-
534 2825 613 2869 601
646 2826 822 2880 precium
866 2851 914 2855 —
957 2824 1040 2868 607
1070 2827 1110 2867 in
1140 2825 1226 2867 celo
1257 2824 1435 2868 residens
1484 2850 1532 2856 —
1579 2825 1663 2869 609
1702 2825 1832 2868 uultus
1875 2850 1924 2855 —

280 2893 363 2936 612
394 2893 461 2936 illa
491 2893 622 2936 locuta
653 2916 705 2922 —
739 2892 820 2935 616
852 2893 1076 2946 solempnes
1107 2916 1160 2922 —
1192 2905 1289 2935 uoce
1318 2904 1479 2936 mouere
1510 2918 1562 2924 —
1601 2894 1683 2936 617
1715 2894 1843 2948 capud
1873 2917 1925 2923 -—

282 2961 364 3003 620
394 2962 460 3002 1116
490 2962 574 3003 tulit
606 2987 656 2992 -
689 2961 769 3002 621
804 2961 995 3004 uulcanus
1025 2962 1175 3004 cressia
1207 2987 1255 2992 —
1287 2962 1371 3004 627
1402 2963 1512 3005 iussa
1541 2962 1622 3004 foto
1653 2987 1704 2992 —
1734 2961 1817 3004 629
1847 2967 1927 3004 tum

282 3041 370 3073 cnm
401 3029 529 3084 capud
559 3054 613 3061 -—
643 3028 729 3073 634
757 3033 861 3073 tecta
880 3030 991 3072 fuere
1012 3029 1150 3073 domus
1186 3054 1236 3061 —-
1268 3029 1351 3074 635
1381 3032 1637 3084 spaciumque
1667 3055 1720 3062 —
1751 3028 1834 3072 637
1854 3029 1927 3072 sub

281 3097 390 3141 nullo
420 3118 473 3126 —
505 3095 588 3140 643
610 3096 742 3141 dicere
775 3122 825 3129 —
855 3096 941 3141 638
969 3097 1123 3141 luxuria
1143 3103 1206 3140 est
1239 3123 1287 3130 —
1319 3110 1393 3142 sua
1413 3102 1474 3143 est
1498 3124 1547 3131 -
1571 3102 1637 3142 tua
1668 3123 1717 3130 -
1750 3097 1834 3141 640
1854 3098 1929 3141 hec
