2087 3488
866 135 1173 218 ‘2‘

222 294 299 338 tius
338 294 602 339 examinanda
641 295 832 340 videntur.
891 297 1058 340 Textum
1087 296 1265 352 plurimis
1307 295 1421 351 locis,
1464 293 1532 338 nbi
1568 295 1737 342 vitiosus
1776 299 1875 350 erat,

223 363 447 407 emendavit
476 369 515 408 et
544 365 736 419 imprimis
766 363 817 408 ab
847 364 925 408 illis
955 365 1236 421 praeproperis
1254 365 1340 408 sive
1360 361 1515 406 levibns
1535 363 1875 417 emendationibus

222 433 409 475 editionis
429 433 932 476 Heinsio-Burmannianae
953 434 1135 487 purgavit
1154 435 1467 487 scripturamque
1486 438 1664 478 veterum
1684 432 1888 484 librorum*

220 502 396 543 restituit.
456 500 544 543 Non
575 512 703 555 pauca
734 507 874 556 tamen,
915 513 1019 556 quae
1049 500 1296 544 emendanda
1325 504 1447 555 erant,
1487 502 1627 558 omisit,
1658 500 1875 555 complura,

221 579 324 622 quae
354 570 520 623 integra,
552 571 788 611 coniecturis
818 571 902 612 suis
934 571 1092 612 vexavit
1120 576 1159 612 et
1187 571 1333 612 frustra
1361 571 1401 611 in
1430 571 1699 623 suspicionem
1728 579 1874 617 vocare

219 636 378 690 studuit,
419 636 508 678 aliis
535 635 648 679 'locis
688 640 937 679 coniecturas
976 640 1061 680 sine
1101 639 1243 680 idonea
1284 648 1407 680 causa
1436 636 1595 679 induxit.
1654 636 1706 680 Ut
1744 640 1873 686 autem

221 703 376 757 plenior
414 703 482 745 illa
521 703 661 757 editio,
708 716 826 758 quam
866 704 995 748 adhuc
1033 711 1232 748 auctorem
1273 715 1465 759 quaerere
1505 703 1694 759 diximus,
1737 702 1892 763 ordine,

220 773 453 827 instituatur,
483 776 573 814 ante
603 773 733 813 omnia
764 771 1008 826 pergendum
1037 774 1193 815 videtur
1221 774 1260 814 in
1290 764 1485 826 apparatu
1514 773 1652 815 critico
1679 771 1875 827 augendo,

221 836 455 894 corrigendo
486 843 523 880 et
553 841 698 881 rectius
729 841 999 883 aestumando.
1044 835 1175 890 Quare
1206 846 1363 882 tenuem
1393 840 1495 882 hanc
1525 839 1741 895 collectam,
1771 850 1874 894 quae

220 907 346 950 tribus
386 907 591 949 Fastorum
638 906 841 949 codicibus
885 920 1002 950 manu
1046 908 1204 962 scriptis
1248 907 1468 951 iudicandis
1512 912 1553 949 et
1591 905 1875 961 percenseudis

221 974 495 1030 continebitur,
534 987 611 1017 non
652 977 826 1018 inutilem
867 987 940 1018 nec
978 977 1171 1030 ingratam
1212 977 1348 1018 horum
1388 976 1604 1019 studiorum
1635 975 1875 1019 amatoribus

220 1044 306 1085 fore
338 1044 577 1097 existimavi3
608 1045 646 1085 in
678 1055 756 1097 qua
788 1042 879 1097 quid
911 1049 1114 1097 praestare
1145 1043 1348 1098 voluerim,
1379 1045 1517 1097 paucis
1538 1045 1687 1098 accipe.
1738 1042 1874 1086 Codex

221 1111 425 1154 Fastorum
457 1114 644 1166 egregius
673 1118 734 1155 est
763 1113 1029 1167 Treverensis,
1061 1112 1189 1155 adhuc
1209 1124 1347 1167 parum
1368 1114 1549 1167 cognitus
1570 1123 1700 1166 neque
1720 1112 1773 1154 ab
1793 1112 1874 1154 ullo

220 1180 398 1222 collatus.
430 1181 544 1222 huius
575 1180 723 1222 codicis
753 1182 885 1222 varias
916 1182 1131 1234 scripturas
1161 1186 1200 1222 et
1230 1183 1366 1235 copias
1392 1183 1548 1224 criticas
1569 1181 1735 1234 primum
1756 1190 1874 1233 quam

221 1248 522 1301 diligentissime
553 1249 661 1302 potui
692 1254 900 1302 excerptas
930 1252 969 1291 in
999 1250 1074 1291 hoc
1102 1249 1237 1290 libello
1269 1250 1443 1303 integras
1473 1249 1673 1303 proposui.
1723 1246 1875 1289 Deinde

221 1322 264 1358 ut
293 1317 448 1359 facilius
477 1320 516 1358 et
546 1317 690 1358 rectius
721 1322 828 1358 esset
859 1317 1043 1359 indicium
1075 1317 1126 1358 de
1146 1319 1380 1359 auctoritate
1401 1328 1450 1359 ac
1469 1315 1642 1358 bonitate
1663 1321 1703 1357 et
1723 1318 1876 1358 ratione

221 1385 335 1425 buius
377 1383 527 1426 codicis
566 1389 605 1426 et
642 1385 848 1426 petaviani
880 1385 917 1438 l.,
958 1387 1021 1426 cui
1061 1396 1084 1426 a
1119 1385 1308 1428 Merkelio
1347 1387 1386 1426 in
1427 1384 1598 1426 editione
1637 1395 1711 1427 sua
1751 1395 1876 1438 nuper
1917 1393 1919 1396 ·

220 1461 372 1492 summa
412 1451 501 1493 laus
539 1457 658 1505 atque
698 1454 916 1495 auctoritas
957 1452 1099 1494 tributa
1140 1458 1214 1507 est,
1253 1453 1386 1495 varias
1425 1454 1643 1505 scripturas
1676 1451 1875 1494 Petaviani

220 1519 326 1561 illius
373 1530 510 1561 omnes
556 1519 715 1562 exhibui
760 1526 800 1561 et
844 1519 989 1573 ubique
1035 1519 1255 1563 exadverso
1300 1521 1415 1575 posui
1454 1523 1688 1574 scripturam
1728 1518 1875 1561 codicis

222 1588 493 1641 Treverensis,
525 1587 696 1642 quidque
727 1590 829 1630 inter
859 1600 930 1630 eos
952 1588 1186 1630 discriminis
1207 1593 1325 1643 esset,
1355 1587 1550 1642 indagavi.
1599 1585 1766 1630 Adiecta
1786 1592 1876 1629 sunt

221 1666 349 1709 pauca
380 1655 429 1698 de
460 1655 669 1698 collatione
701 1660 738 1698 et
769 1659 889 1699 variis
919 1655 1153 1699 lectionibus
1183 1656 1360 1699 eiusdem
1391 1656 1592 1698 Petaviani
1622 1655 1660 1709 1.‚
1705 1666 1807 1710 quae
1837 1657 1874 1698 in

221 1725 509 1765 commentariis
556 1723 809 1765 Merkelianis
856 1735 1018 1766 numero
1058 1724 1112 1766 43
1157 1723 1352 1766 indicatae
1396 1723 1590 1778 leguntur.
1655 1721 1742 1773 Quo
1784 1723 1875 1765 loco

223 1790 428 1832 disseritur
467 1793 596 1844 etiam,
637 1802 715 1845 qua
754 1791 830 1833 fide
871 1793 1074 1833 vetustatis
1113 1792 1180 1833 illa
1213 1792 1390 1833 Merkelii
1430 1793 1645 1845 recognitio
1687 1796 1726 1834 et
1755 1790 1874 1832 editio

221 1864 356 1901 textus
397 1860 552 1900 nitatur.
615 1858 791 1913 Cumque
822 1859 1099 1901 Monacensem
1130 1860 1173 1902 ll.
1213 1861 1297 1902 sive
1331 1859 1562 1901 Bavaricum
1592 1857 1637 1900 ΙΙ.
1678 1869 1701 1900 e
1736 1858 1874 1901 codice

222 1927 457 1969 Treverensi
488 1928 728 1981 descriptum
760 1937 850 1968 esse
881 1932 919 1968 et
947 1931 1077 1968 tamen
1110 1926 1459 1969 innumerabilibus
1490 1927 1572 1968 iere
1602 1927 1702 1970 locis
1727 1927 1778 1969 ab
1800 1928 1876 1970 hoc

223 1997 444 2049 exemplari
476 1996 682 2039 dissentire
713 1996 964 2049 reperissem,
999 1997 1084 2048 pari
1114 1996 1233 2038 modo
1263 2001 1301 2038 et
1332 1996 1471 2038 horum
1503 1995 1666 2038 duorum
1697 1996 1874 2039 codicum

223 2066 356 2107 varias
385 2067 602 2119 scripturas
634 2063 837 2106 Fastorum
868 2062 956 2105 libri
987 2063 1014 2105 Ι.
1045 2063 1091 2105 ll.
1123 2069 1161 2105 et
1191 2062 1253 2105 ΙΙΙ.
1285 2064 1393 2106 iuxta
1423 2069 1462 2106 et
1491 2064 1714 2110 exadverso
1744 2067 1874 2119 posui.

224 2134 354 2187 Atque
385 2133 461 2175 hoc
491 2133 636 2186 duplici
665 2133 809 2173 factum
841 2137 903 2173 est
933 2131 982 2173 de
1012 2142 1147 2173 causa.
1207 2131 1376 2173 Primum
1406 2136 1446 2173 et
1475 2133 1644 2175 maxime
1675 2137 1716 2175 ut
1744 2133 1875 2175 mani-

223 2201 326 2243 festa
357 2207 466 2244 esset
496 2202 643 2244 codicis
672 2201 777 2242 illius
808 2211 859 2241 ex
886 2200 1123 2242 Treverensi
1152 2200 1276 2254 origo,
1307 2211 1489 2254 quaeque
1520 2201 1612 2244 inde
1643 2206 1752 2245 esset
1771 2201 1876 2243 illius

224 2270 426 2323 copiarum
458 2270 509 2312 ad
540 2271 677 2311 horum
709 2269 922 2310 carminum
952 2270 1257 2323 recognitionem
1288 2274 1328 2311 et
1358 2268 1668 2312 emendationem
1699 2270 1876 2311 auctori-

223 2341 284 2379 tas
315 2348 362 2380 ac
390 2337 510 2391 fides;
544 2337 684 2380 deinde
716 2342 757 2379 ut
787 2337 863 2378 hoc
893 2347 993 2378 novo
1024 2343 1063 2379 et
1094 2337 1233 2380 illustri
1260 2337 1444 2392 exemplo
1465 2337 1750 2391 ostenderetur,
1781 2336 1875 2391 quid

222 2416 302 2447 una
331 2417 455 2459 saepe
485 2416 627 2447 manus
656 2405 808 2447 insulsa
849 2410 887 2446 et
923 2407 1100 2459 imperita
1130 2406 1235 2459 apud
1265 2405 1466 2448 Nasonem
1496 2405 1687 2447 valuisset
1716 2404 1767 2446 ad
1797 2416 1877 2458 op-

225 2473 357 2514 timam
387 2474 623 2526 scripturam
654 2472 961 2526 depravandam.

359 2811 496 2855 Codex
527 2812 784 2855 Treverensis
825 2818 886 2856 est
927 2812 1189 2856 bibliothecae
1224 2811 1462 2856 cathedralis
1492 2812 1689 2855 ecclesiae
1722 2812 1876 2855 Treve-

225 2882 366 2924 rensis.
407 2881 478 2923 fuit
517 2881 580 2924 hic
619 2882 724 2936 olim,
764 2887 804 2924 ut
845 2883 883 2923 in
923 2881 997 2923 fine
1036 2881 1124 2924 libri
1164 2893 1188 2923 a
1227 2881 1435 2924 recentiori
1468 2892 1587 2924 mann
1610 2882 1877 2936 perscriptum

227 2952 380 3005 legitur,
415 2948 574 3005 „Sancti
595 2950 829 3005 Godehardi,
859 2952 1037 3005 episcopi
1068 2952 1107 2992 in
1129 2947 1450 3003 Hildeneshcm“,
1481 2960 1520 3003 q.
1549 2961 1587 2992 e.
1616 2947 1877 2992 bibliothecae

227 3020 425 3062 ecclesiae
456 3019 692 3062 cathedralis
714 3019 1080 3063 Hildeshemiensis.
1132 3019 1192 3061 Da
1221 3018 1312 3061 fatis
1343 3018 1459 3062 huius
1483 3016 1576 3066 iibri
1592 3018 1879 3072 posterioribus
