2119 3488
1009 197 1065 204 -
1117 172 1180 221 40
1238 196 1292 205 ....

423 293 598 344 Godeoe
631 295 947 344 Petavicmus
980 296 1024 344 Ι.
1308 294 1484 346 Codex
1523 294 1865 344 Treveremis.

327 378 384 431 V,
414 377 443 418 5
470 391 602 431 posse
630 378 752 419 dator
1188 391 1318 432 posse
1347 379 1469 419 datur

355 443 408 484 14
435 455 600 485 summa
629 449 762 500 tenet,
795 448 900 486 teste
930 443 1066 489 Gron,
1188 457 1353 487 summa
1383 445 1476 487 tulit

353 511 405 552 21
437 523 520 553 nec
548 513 660 553 latus
1191 518 1234 552 et
1264 514 1387 555 latus.
1414 526 1495 555 rec.
1522 525 1572 551 m.
1606 524 1686 552 nec
1715 512 1827 552 latus

353 577 411 620 23
436 578 552 619 uoltu
1188 579 1303 620 uultu

757 637 899 691 versu
925 648 994 692 24.
1020 649 1286 692 petavianus
1318 651 1348 694 ι.
1378 649 1546 694 desinit.

455 907 538 950 Has
567 907 602 950 si
643 907 776 950 varias
813 907 1033 961 scripturas
1073 907 1301 961 diligentius
1341 908 1622 962 examinamus,
1662 907 1779 951 vaide
1819 920 1976 951 errasse

323 976 506 1020 videmus
535 977 779 1032 Merkeiium‚
809 979 876 1032 qui
905 976 1118 1020 Petaviano
1152 977 1179 1018 1.
1210 987 1401 1019 summam
1431 978 1700 1020 auctoritatem
1731 977 1974 1020 tribuendam

323 1047 529 1100 putaverit,
568 1045 842 1087 Trevirensem
882 1049 1012 1087 autem
1052 1043 1193 1086 librum
1231 1044 1348 1095 facile
1389 1050 1554 1098 apparet
1592 1044 1898 1088 emendatiorem
1938 1050 1977 1088 et

322 1116 654 1168 praestantiorem
691 1124 794 1168 esse,
824 1113 876 1155 ob
907 1124 1074 1168 eamque
1104 1124 1266 1157 causam
1296 1114 1484 1157 maiorem
1514 1115 1551 1156 ei
1579 1113 1694 1156 fldem
1731 1112 1784 1156 ad
1823 1113 1975 1156 consti-

322 1183 509 1225 tuendum
548 1183 753 1224 Fastorum
797 1187 944 1224 textum
989 1193 1082 1224 esse
1122 1182 1356 1224 habendam.
1424 1182 1505 1224 Sed
1549 1183 1783 1224 luculentius
1820 1182 1975 1223 illorum

323 1251 502 1295 codicum
531 1253 632 1293 ratio
661 1256 700 1293 et
729 1261 871 1305 magna
902 1250 1104 1294 Petaviani
1134 1251 1163 1293 Ι.
1194 1253 1233 1293 in
1262 1251 1469 1305 permultis
1499 1251 1728 1305 depravatio
1756 1250 1834 1293 alio
1857 1249 1975 1292 modo

323 1317 614 1373 comprobatur.
651 1317 733 1361 Sed
762 1319 935 1361 numeris
966 1323 1004 1361 et
1033 1317 1250 1361 rationibus
1279 1319 1463 1362 utendum
1494 1320 1578 1362 erit.

454 1388 496 1429 Si
512 1387 749 1440 scripturam
766 1385 973 1427 Fastorum
989 1385 1077 1427 libri
1092 1388 1218 1441 primi,
1234 1387 1362 1440 qualis
1374 1389 1413 1428 in
1424 1388 1593 1429 editione
1606 1387 1846 1429 Merkeiiana
1859 1389 1975 1439 extat,

322 1467 410 1499 enm
442 1454 667 1509 Gierigiana
697 1464 982 1509 comparamus,
1012 1453 1244 1497 Merkelium
1271 1458 1337 1497 aut
1357 1456 1484 1509 ipsum
1506 1454 1738 1498 emendasse
1757 1456 1975 1510 reperimus

321 1528 388 1566 aut
406 1523 458 1566 ab
479 1523 567 1565 aliis
589 1522 820 1564 emendatos
842 1533 891 1564 ac
911 1522 1098 1564 defensos
1118 1523 1321 1575 recepisse
1341 1528 1410 1564 aut
1428 1524 1635 1565 retinuisse
1653 1523 1727 1564 hos
1744 1521 1828 1564 CIV
1842 1521 1974 1563 locos:

323 1592 351 1646 1,
392 1592 416 1632 5
459 1590 485 1632 6
525 1590 580 1631 25
621 1589 676 1631 26
716 1591 772 1631 44
806 1589 862 1631 49
892 1588 947 1632 68
975 1588 1030 1632 85
1061 1588 1117 1632 87
1149 1589 1203 1632 97
1236 1590 1290 1632 99
1323 1588 1403 1633 103
1439 1589 1520 1633 109
1553 1589 1635 1633 128
1667 1589 1747 1633 137
1779 1590 1853 1632 141
1892 1588 1974 1632 146

324 1658 406 1702 153
440 1659 523 1701 158
556 1658 635 1699 172
670 1658 750 1699 173
785 1658 867 1698 174
900 1657 979 1699 182
1013 1657 1092 1699 183
1125 1657 1208 1699 207
1239 1658 1323 1698 210
1353 1658 1435 1699 212
1465 1658 1547 1699 222
1578 1658 1759 1700 224231
1787 1658 1868 1699 232
1891 1657 1974 1699 239

322 1727 404 1770 245
437 1726 520 1769 255
552 1725 637 1768 260
667 1725 749 1767 262
781 1724 865 1767 264
895 1725 977 1768 265
1010 1725 1088 1767 271
1127 1726 1212 1768 274
1242 1725 1325 1769 278
1355 1726 1436 1768 295
1468 1726 1551 1769 297
1578 1726 1655 1769 301
1683 1726 1767 1769 304
1787 1726 1871 1769 310
1891 1726 1972 1769 313

322 1795 405 1837 315
438 1795 521 1837 316
553 1795 635 1836 322
667 1794 751 1838 329
781 1794 865 1836 330
896 1794 976 1836 333
1009 1794 1092 1837 336
1124 1794 1200 1837 381
1236 1794 1317 1837 392
1350 1794 1432 1837 396
1462 1795 1546 1837 404
1577 1795 1661 1838 409
1682 1796 1764 1837 415
1785 1796 1869 1837 417
1890 1795 1972 1837 435

321 1863 406 1907 439
435 1866 521 1906 444
551 1865 635 1906 447
665 1864 749 1906 452
780 1864 865 1906 456
894 1864 971 1906 461
1008 1866 1094 1905 474
1123 1866 1207 1906 477
1237 1863 1322 1906 480
1351 1863 1435 1907 489
1468 1865 1543 1906 501
1579 1864 1659 1906 512
1683 1864 1767 1907 528
1787 1864 1869 1906 537
1892 1863 1975 1906 548

322 1932 405 1973 549
436 1932 518 1973 559
551 1931 632 1973 562
665 1931 747 1973 567
781 1931 862 1973 603
893 1932 967 1973 631
1007 1931 1092 1973 634
1123 1931 1206 1973 636
1236 1932 1320 1974 640
1350 1931 1426 1974 641
1463 1932 1545 1974 642
1577 1932 1660 1974 646
1681 1931 1765 1975 658
1785 1932 1862 1975 661
1891 1931 1973 1975 666

320 1999 404 2042 677
434 1999 519 2042 680
548 1998 631 2041 683
662 1999 746 2042 685
778 1999 863 2041 688
892 1998 974 2041 695
1007 1999 1091 2041 696
1123 2000 1203 2041 702
1236 2000 1318 2041 709
1350 2000 1431 2042 713
1465 2000 1547 2042 718
1578 2000 1673 2041 720.
1731 2000 1791 2041 Ex
1830 1998 1973 2053 quibus

320 2069 474 2108 centum
517 2071 555 2109 et
593 2072 760 2121 quatuor
801 2067 899 2109 locis
929 2067 1177 2110 'trevirensis
1219 2067 1318 2109 iiber
1358 2072 1462 2110 tenet
1502 2073 1620 2122 atque
1660 2068 1860 2111 confirmat
1898 2067 1972 2110 hos

319 2135 493 2177 LXXXI.
555 2136 582 2190 1,
614 2138 638 2177 5
670 2136 890 2190 officioque.
923 2137 948 2178 6
979 2137 1032 2178 25
1061 2136 1116 2178 26
1137 2138 1194 2177 44
1213 2137 1268 2178 49
1289 2137 1345 2178 68
1365 2136 1419 2179 85
1441 2141 1603 2190 spectat.
1630 2137 1687 2179 87
1719 2137 1773 2179 97
1804 2137 1858 2179 99
1891 2136 1971 2178 103

321 2204 402 2247 137
437 2205 512 2247 141
551 2204 632 2247 146
666 2204 745 2248 153
779 2204 861 2246 172
895 2205 973 2247 173
1009 2206 1092 2247 174
1121 2204 1233 2247 voles
1262 2205 1398 2259 inquit·
1437 2205 1516 2249 183
1547 2206 1629 2248 207
1661 2206 1745 2249 210
1775 2206 1857 2248 212
1889 2206 1971 2248 222

319 2273 404 2314 224
435 2273 513 2315 231
549 2273 632 2314 232
665 2273 748 2314 239
779 2273 861 2314 255
894 2273 977 2315 260
1008 2273 1091 2315 262
1125 2273 1208 2315 264
1238 2273 1319 2315 265
1351 2274 1428 2316 271
1465 2274 1549 2316 274
1574 2273 1659 2317 278
1680 2275 1761 2317 295
1784 2273 1867 2316 297
1889 2274 1972 2316 304

320 2340 404 2382 310
435 2340 517 2383 315
550 2341 633 2383 316
665 2341 747 2383 322
779 2341 862 2383 329
894 2341 977 2383 330
1008 2341 1090 2383 333
1123 2341 1205 2382 336
1233 2342 1317 2383 404
1347 2342 1430 2384 409
1461 2344 1545 2384 415
1573 2344 1655 2385 435
1677 2343 1761 2385 439
1781 2343 1965 2385 444461

317 2411 404 2452 474
432 2411 517 2452 477
547 2408 633 2451 480
662 2409 746 2452 489
779 2409 854 2452 501
893 2409 976 2452 528
1007 2410 1090 2452 537
1121 2410 1203 2451 549
1234 2411 1314 2452 567
1346 2410 1423 2453 631
1459 2411 1543 2453 634
1573 2411 1655 2453 636
1677 2411 1759 2453 642
1781 2411 1866 2453 646
1887 2411 1971 2453 658

317 2477 396 2517 661
431 2477 514 2518 666
544 2477 628 2519 677
659 2477 745 2518 680
775 2477 856 2519 683
889 2477 973 2519 688
1004 2478 1086 2519 695
1119 2478 1202 2519 696
1234 2478 1313 2520 702
1348 2478 1428 2520 713
1461 2479 1545 2521 718
1575 2479 1668 2520 720.
1731 2478 1781 2520 Hi
1819 2482 1970 2531 septem

317 2549 357 2587 et
384 2545 522 2599 viginti
549 2546 589 2587 in
618 2545 842 2587 Trevirensi
873 2557 950 2587 non
980 2546 1183 2600 leguntur:
1213 2546 1239 2599 1,
1268 2547 1322 2588 85
1356 2547 1437 2589 109
1471 2547 1657 2589 128158
1680 2546 1864 2588 174182
1887 2546 1968 2587 245

318 2612 400 2654 313
433 2613 517 2655 314
547 2613 624 2656 381
662 2613 743 2655 392
775 2613 858 2656 396
887 2615 971 2656 417
1002 2616 1086 2656 447
1116 2613 1199 2656 452
1230 2615 1314 2657 456
1345 2616 1426 2657 512
1458 2616 1542 2658 647
1574 2615 1657 2658 548
1679 2614 1762 2657 559
1784 2614 1864 2656 562
1886 2614 1968 2657 603

318 2680 403 2723 640
433 2682 511 2723 641
546 2682 630 2724 685
665 2682 760 2724 709.

431 2749 492 2793 Ex
521 2750 599 2794 illis
626 2752 761 2805 viginti
791 2755 943 2806 septem
972 2751 1071 2795 locis
1101 2755 1208 2794 certe
1239 2750 1346 2794 dubii
1376 2756 1487 2794 sunt:
1517 2751 1543 2806 Ι,
1568 2751 1623 2794 85
1645 2763 1734 2793 cum
1754 2754 1875 2792 totum
1896 2763 1968 2805 pro

318 2820 440 2860 totum
468 2830 572 2861 cum,
603 2830 722 2873 porro
752 2832 789 2862 v.
824 2820 907 2862 128
940 2820 1021 2863 392
1052 2822 1135 2862 447
1168 2819 1252 2862 548
1281 2820 1377 2863 685.
1425 2820 1587 2862 Restant
1616 2820 1750 2873 viginti
1780 2823 1818 2861 et
1847 2829 1967 2861 unus:

320 2887 346 2939 Ι,
378 2888 402 2927 5
437 2888 517 2928 109
549 2888 632 2929 158
664 2889 746 2929 174
777 2888 858 2930 182
890 2889 972 2930 245
1004 2888 1085 2931 313
1119 2888 1203 2930 314
1233 2888 1309 2930 381
1348 2888 1431 2931 396
1461 2889 1544 2930 417
1571 2888 1654 2931 452
1676 2888 1759 2930 456
1781 2888 1862 2932 512
1886 2890 1967 2930 547

320 2954 403 2997 559
434 2955 515 2997 562
546 2955 628 2997 603
660 2956 744 2999 640
775 2956 852 2998 641
890 2956 984 3011 709,
1014 2967 1037 2998 e
1067 2955 1211 3011 quibus
1242 2957 1326 2999 314
1354 2956 1438 2999 462
1468 2961 1506 2999 et
1528 2957 1610 2998 559
1630 2958 1717 2999 sine
1737 2955 1968 2999 dubiosa1si
