2054 3454
201 960 255 1045 P.
276 1001 403 1045 Ovidii
423 1002 593 1045 Nasonis
615 1004 821 1044 Fastorum
852 1002 981 1055 editio,
1011 1002 1169 1055 qualem
1190 1011 1281 1043 esse
1303 1000 1424 1054 decet,
1455 999 1585 1042 adbuc
1605 999 1717 1042 desi-

74 1071 244 1114 deratur.
291 1069 391 1112 Nam
412 1081 436 1112 e
457 1069 654 1113 veteribus
684 1070 797 1113 buius
828 1070 1011 1111 carminis
1041 1060 1275 1110 editionibus
1305 1068 1529 1122 complures
1559 1068 1717 1123 quidem

75 1138 123 1179 de
162 1137 327 1189 singulis
367 1138 455 1178 eius
493 1138 670 1191 partibus
709 1137 953 1191 explicandis
993 1143 1032 1178 et
1067 1137 1307 1178 illustrandis
1337 1139 1541 1191 copiisque
1571 1137 1718 1179 criticis

74 1204 266 1259 augendis
295 1210 333 1247 et
362 1204 623 1260 congerendis
652 1206 754 1249 bene
782 1211 1017 1259 meruerunt,
1048 1209 1088 1247 at
1115 1204 1222 1247 nulla
1252 1215 1387 1248 earum
1409 1210 1481 1260 est,
1509 1216 1560 1247 ne
1588 1205 1718 1259 ipsum

75 1272 231 1328 quidem
260 1274 399 1327 ingens
428 1274 611 1320 volumen
641 1275 686 1317 P.
716 1274 937 1328 Burmanni,
977 1283 1080 1328 quae
1119 1272 1169 1315 ad
1208 1273 1315 1316 illam
1350 1273 1510 1317 laudem
1539 1274 1720 1328 aspirare

75 1345 220 1397 possit;
249 1348 289 1384 et
317 1342 395 1383 alia
425 1349 512 1384 erat
541 1344 644 1398 olim,
675 1355 791 1397 quam
821 1342 948 1395 hodie,
980 1348 1020 1382 et
1048 1353 1072 1382 a
1102 1346 1238 1382 nostra
1259 1343 1542 1384 consuetudine
1563 1342 1719 1385 diversa

74 1412 174 1454 ratio
203 1412 421 1465 scriptores
450 1416 607 1455 veteres
638 1411 831 1455 tractandi
860 1409 1091 1465 edendique.
1141 1409 1286 1453 Nostra
1315 1416 1446 1455 aetate
1476 1410 1583 1465 apud
1613 1408 1718 1454 Ger-

74 1489 213 1520 manos
242 1479 285 1519 E.
315 1477 449 1532 Gierig
487 1480 788 1521 commentarios
827 1478 878 1519 ad
907 1478 1047 1520 Fastos
1086 1480 1248 1532 scripsit
1286 1478 1424 1521 doctos
1454 1483 1492 1521 et
1521 1480 1719 1533 copiosos,

75 1557 209 1588 verum
231 1552 387 1599 praeter
407 1547 686 1590 verbositatem
716 1559 795 1601 qua
814 1547 1006 1601 laborant,
1036 1547 1178 1588 multos
1198 1547 1315 1590 iidem
1336 1550 1533 1591 continent
1551 1559 1719 1602 errores,

74 1616 219 1655 textum
249 1619 381 1656 autem
412 1615 476 1658 bic
506 1616 565 1659 vir
594 1616 731 1670 paucis
761 1613 977 1657 emendatis
1007 1615 1163 1668 repetiit
1187 1614 1720 1670 Heinsio-Burmanuianum,

44 1680 46 1682 ’
76 1683 142 1734 qui
171 1681 260 1735 plus
290 1685 476 1726 trecentis
504 1684 605 1725 locis
635 1689 840 1737 corruptus
870 1689 943 1726 est.
990 1683 1024 1725 J.
1051 1681 1220 1724 Conradi
1251 1682 1371 1725 editio
1400 1683 1451 1726 ad
1479 1686 1720 1738 iuterpreta-

74 1751 218 1792 tionem
249 1752 433 1794 carminis
462 1762 541 1793 non
570 1752 725 1807 inutilis,
755 1751 828 1794 sed
855 1754 893 1794 in
913 1763 1026 1794 usum
1047 1751 1254 1794 studiosae
1273 1754 1484 1795 iuventutis
1503 1753 1721 1806 composita

74 1822 253 1872 angustis
292 1820 453 1861 scholae
489 1819 628 1862 linibus
658 1832 705 1862 se
733 1822 927 1862 continuit.
985 1819 1124 1873 Neque
1153 1820 1196 1860 R.
1227 1819 1407 1862 Merkelii
1437 1821 1556 1863 editio
1585 1822 1721 1875 maior,

74 1898 177 1940 quae
216 1898 387 1941 operoso
418 1888 614 1931 volumine
648 1900 685 1930 a.
718 1887 993 1930 MDCCCXLL
1024 1887 1178 1941 prodiit,
1217 1887 1258 1929 id
1299 1893 1483 1944 praestat,
1525 1887 1631 1943 quod
1669 1888 1722 1931 ab

74 1954 295 1997 huiusmodi
339 1967 462 2011 opera
507 1958 728 2011 requiritur.
797 1954 897 1997 Nam
937 1955 1042 2010 quod
1082 1955 1135 1997 ad
1176 1956 1533 2010 interpretationem
1573 1958 1723 2013 attinet,

74 2027 341 2067 commentarii
371 2027 456 2066 eius
491 2027 653 2080 „cinnas
674 2023 858 2078 quidam“
891 2029 932 2065 ut
961 2026 1048 2077 ipsc
1075 2026 1260 2079 appellat,
1291 2025 1357 2066 vel
1378 2025 1571 2078 disposita
1592 2036 1722 2080 qnae—

66 2090 165 2132 .dam
195 2101 268 2145 per
296 2102 445 2145 genera
474 2094 684 2145 congeries
711 2097 802 2134 suut
832 2091 1032 2133 doctarum
1064 2091 1376 2146 disquisitionum
1407 2099 1447 2135 et
1476 2099 1722 2136 commenta-

74 2160 222 2200 tionum
259 2160 311 2201 de
346 2160 465 2201 rebus
495 2160 637 2213 sacris,
675 2160 882 2213 historicis,
920 2161 1206 2213 astronomicis,
1247 2160 1296 2201 de
1336 2160 1481 2215 tabula,
1521 2161 1635 2203 sestis
1674 2173 1724 2203 ao

75 2225 328 2281 temporibus,
360 2237 463 2280 quae
494 2226 544 2268 ab
575 2226 734 2270 Nasone
764 2230 803 2270 in
831 2227 972 2281 FastiS,
1014 2226 1240 2270 doctissimo
1271 2238 1404 2282 opere,
1436 2234 1656 2272 tractantur
1684 2233 1724 2272 et

74 2302 170 2334 vero
200 2294 316 2336 etiam
347 2304 449 2349 quae
478 2306 558 2337 aon
586 2298 820 2349 tractantur3
851 2295 915 2348 qui
947 2293 1146 2337 doctrinae
1177 2294 1335 2349 quidem
1366 2296 1482 2349 copia
1511 2294 1724 2352 abundant,

74 2361 148 2401 sed
170 2372 244 2403 usu
263 2374 402 2414 parum
422 2363 577 2404 habiles
596 2368 687 2404 sunt
707 2368 747 2404 et
765 2363 818 2404 ad
837 2362 1130 2415 intelligendum
1152 2374 1275 2415 saepe
1292 2363 1480 2418 difficiles,
1502 2363 1724 2417 crebroque

76 2428 127 2471 ad
157 2440 223 2472 res
254 2430 404 2473 alienas
435 2441 563 2484 neque
594 2432 803 2484 quicquam
829 2430 879 2473 ad
899 2432 1085 2474 carminis
1104 2432 1463 2484 interpretationem
1483 2433 1724 2485 pertinentes

78 2495 306 2551 deflectunt;
337 2498 637 2551 explicationem
667 2497 878 2541 verborum
909 2504 947 2540 et
976 2498 1226 2541 difficultates
1257 2500 1445 2541 orationis
1475 2510 1566 2540 raro
1602 2501 1725 2541 attin-

75 2569 185 2618 gunt.
235 2565 316 2608 Sed
345 2577 369 2608 a
399 2566 519 2609 rebus
550 2565 678 2609 dubiis
708 2572 748 2609 et
767 2568 880 2611 falsis
901 2572 941 2609 et
960 2567 1175 2611 alienarum
1197 2569 1468 2622 quaestionum
1489 2567 1725 2623 ambagibus

76 2634 110 2676 si
130 2640 403 2690 purgarentur,
429 2646 516 2677 cum
538 2635 699 2690 Gierigii
719 2637 1007 2679 commentariis
1027 2637 1104 2679 illis
1125 2637 1332 2692 perutilem
1353 2642 1391 2679 et
1410 2638 1725 2692 copiosissimam

76 2701 129 2742 ad
158 2701 373 2755 pleniorem
404 2704 513 2746 illam
543 2710 581 2746 et
609 2705 882 2759 perfectiorem
924 2704 1132 2747 editionem
1172 2706 1374 2747 materiem
1413 2707 1724 2762 suppeditarent,

78 2766 192 2817 Quod
212 2769 264 2812 ad
282 2772 507 2825 scripturae
527 2771 836 2815 emendationem
857 2776 896 2815 et
915 2772 1090 2815 criticam
1111 2784 1272 2827 operam
1293 2775 1440 2831 attinet,
1469 2775 1577 2818 idem
1600 2774 1726 2818 editor

77 2839 210 2879 varias
239 2837 431 2882 lectiones
461 2839 642 2882 codicum
671 2852 813 2894 magna
843 2841 1045 2893 diligentia
1074 2843 1312 2895 recognovit,
1342 2841 1507 2896 digessit
1527 2854 1576 2884 ac
1595 2842 1726 2884 multis

78 2905 190 2948 novis
218 2908 347 2961 copiis
374 2908 494 2963 auxit,
532 2907 605 2951 sed
645 2908 695 2951 de
728 2908 804 2952 tide
833 2921 882 2952 ac
910 2912 1037 2964 pretio
1067 2910 1248 2953 codicum
1279 2910 1406 2966 deque
1436 2912 1595 2955 familiis
1623 2912 1726 2953 mira

78 2982 175 3014 saue
203 2978 410 3028 proposuit
438 2976 663 3031 opinionum
693 2980 923 3032 conmenta,
961 2988 1066 3032 quae
1097 2983 1178 3022 tota
1206 2979 1453 3022 retractanda
1483 2985 1523 3021 et
1552 2979 1726 3034 diligen-

1443 3063 1459 3098 t
