2134 3454
242 261 417 314 Codex
456 263 797 314 Treveremi3.

122 347 198 400 ΠΙ,
226 345 310 387 636
337 347 468 386 multa
499 352 640 387 tamen

120 411 205 453 639
231 412 394 453 thorum

121 478 199 518 641
233 483 276 518 et
304 477 410 532 fuge
438 501 492 507 —

232 550 414 584 mestum
445 543 547 596 fuge
585 542 727 582 dicere
756 548 914 582 tectum

121 609 205 651 643
233 610 350 651 exilit
378 615 422 649 et
450 633 503 639 —-

231 676 357 717 uelox
377 675 432 715 iili
454 686 582 728 super
606 686 712 715 ausa
737 678 916 726 (sprscr.

232 743 372 782 humili
401 754 528 794 super
560 742 685 792 arua)
726 741 914 781 fenestra

121 808 204 849 645
233 820 413 861 cumque
441 814 554 848 metu

121 875 204 916 646
232 874 385 915 damna

121 940 205 980 649
232 940 393 981 sidonis

121 1005 204 1046 650
232 1011 438 1059 apparent

121 1071 204 1112 654
231 1084 356 1112 amne
371 1070 587 1124 perhenne
619 1092 662 1099 -
688 1082 797 1109 anna
814 1081 914 1121 per-

231 1137 371 1177 henne
402 1160 451 1166 —

121 1203 203 1245 656
230 1216 364 1258 seque
400 1203 595 1256 diemque

121 1270 204 1310 659
232 1271 429 1321 nimphen
458 1269 706 1309 athlantida'

121 1335 205 1377 673
232 1348 419 1390 perenne

121 1401 204 1442 674
232 1402 397 1442 ferebat
427 1413 549 1453 opem

122 1467 204 1508 676
233 1468 415 1509 coheunt
443 1473 643 1520 certaque

121 1532 205 1572 677
232 1532 288 1573 ad
317 1545 469 1574 annam

122 1599 206 1640 678
234 1600 363 1640 uerba
392 1600 496 1641 facit

121 1665 201 1706 681
235 1666 404 1707 armifer
433 1663 627 1705 armifere

122 1732 206 1773 682
233 1734 342 1776 υιιΙυ.

121 1796 205 1837 683
235 1797 274 1836 di
304 1797 442 1838 studio
471 1798 629 1837 similes

121 1861 205 1902 684
232 1862 313 1903 hee
343 1864 415 1904 tibi

121 1928 204 1968 688
232 1935 275 1969 et
303 1930 418 1972 uicta
451 1937 518 1972 est

122 1993 205 2034 689
234 1994 333 2039 thal.

122 2060 206 2101 693
233 2062 342 2102 ludis
371 2070 497 2106 amat.

122 2126 205 2167 694
231 2129 391 2181 gratior

122 2191 205 2232 695
234 2193 348 2235 dicta

123 2257 206 2298 696
234 2259 345 2300 hanc

123 2322 205 2365 705
233 2331 278 2366 at
306 2326 414 2380 quic.

123 2388 206 2430 710
233 2391 345 2431 iusta
373 2405 449 2444 per

123 2454 206 2495 714
234 2456 369 2497 bache
397 2458 480 2500 713
508 2459 592 2501 736
621 2460 755 2501 bacho

123 2520 207 2560 716
235 2523 385 2575 iupiter

125 2584 207 2627 717
236 2596 395 2630 maturo
425 2595 614 2644 tempore

123 2650 206 2692 719
232 2653 424 2696 Sithonas
453 2679 505 2686 —-

233 2722 425 2774 scyticos
457 2745 505 2752 —-
537 2728 604 2762 est
629 2726 754 2764 omitt.

126 2782 204 2825 721
236 2787 346 2827 mala
375 2786 507 2840 preda

124 2848 207 2889 722
234 2851 401 2906 ligurge

125 2914 208 2957 723
237 2931 341 2959 ecce
370 2920 470 2961 libet
499 2944 553 2952 -
582 2927 816 2975 tyrenaque

124 2980 207 3020 725
237 2995 448 3035 exponere

1061 262 1237 319 Codex
1269 263 1596 312 Monacensis
1629 264 1702 312 ΙΙ.

982 339 1110 387 multa
1139 353 1280 386 tamen

981 412 1143 452 thorum

981 482 1024 516 et
1053 476 1157 531 fuge
1185 479 1228 520 2.
1257 492 1308 520 m.
1338 502 1390 509 --

981 548 1161 583 mestum
1193 543 1296 597 fuge
1325 543 1467 585 dicere
1497 551 1654 586 tectum

981 609 1112 649 exiliit
1141 615 1184 650 et
1211 633 1265 640 ——

980 676 1106 716 uelox
1134 676 1189 715 ini
1218 687 1347 730 super
1376 689 1480 717 ausa
1510 677 1701 716 fenestra

981 819 1160 862 cumque
1194 814 1308 849 metu

981 874 1148 915 damma

980 942 1174 995 sydonis,
1203 942 1284 980 sub
1314 955 1398 984 ras.

980 1012 1157 1059 aparent

980 1085 1105 1113 amne
1121 1072 1334 1127 perhenne
1356 1096 1410 1103 —
1430 1085 1540 1113 anna
1556 1072 1770 1125 perhenna

980 1216 1115 1256 seque
1145 1203 1352 1257 deemque

981 1269 1177 1322 nimphen
1209 1270 1309 1310 atha
1326 1302 1336 1312 .
1352 1301 1361 1312 .
1379 1302 1388 1312 .
1404 1269 1486 1321 ida,
1519 1269 1558 1309 1.
1589 1284 1640 1312 m.

979 1334 1195 1387 perhenne

981 1402 1147 1441 ferebat
1176 1413 1298 1453 opem

981 1472 1135 1507 coeunt
1164 1472 1403 1521 cunctaque

979 1533 1034 1574 ad
1063 1534 1192 1586 illam,
1222 1533 1263 1575 1.
1291 1546 1342 1572 m.

980 1600 1110 1640 uerba
1138 1599 1280 1641 refert.

979 1667 1164 1720 armiger
1193 1690 1245 1696 —
1277 1665 1529 1718 armigerae,
1562 1678 1597 1705 v.
1626 1679 1707 1708 scr.

979 1732 1089 1772 uuln.

981 1797 1037 1837 dii
1067 1798 1229 1838 similes
1258 1797 1397 1838 studio

981 1864 1062 1904 hee
1091 1864 1165 1904 tibi

981 1937 1025 1971 et
1052 1931 1166 1971 uicta
1196 1936 1263 1970 est

980 1997 1052 2039 tal.

980 2063 1084 2104 ludit
1113 2067 1239 2104 amat,
1269 2085 1320 2091 -
1351 2063 1448 2102 lusit
1477 2077 1512 2101 v.
1542 2076 1623 2102 scr.

982 2130 1132 2183 carior,
1165 2143 1202 2171 v.
1227 2142 1308 2170 scr.

981 2196 1110 2236 uerba

980 2260 1062 2302 hac

981 2334 1025 2367 et
1054 2327 1163 2381 quic.

981 2393 1096 2433 iuxta
1125 2405 1201 2445 per

980 2460 1062 2501 714
1090 2458 1227 2500 bache
1254 2456 1338 2499 713
1365 2457 1447 2500 736
1474 2457 1611 2499 bacho

981 2526 1131 2578 iupiter

981 2597 1143 2632 maturo
1175 2597 1350 2644 corpore

981 2658 1144 2698 sitonas
1175 2682 1226 2688 -—
1257 2664 1300 2698 et
1328 2661 1453 2698 omitt.

981 2722 1157 2763 sciticos
1187 2746 1237 2752 —-
1268 2728 1337 2762 est
1365 2726 1488 2764 omitt.

981 2789 1092 2829 male
1121 2787 1251 2843 preda

981 2855 1147 2909 ligurge

981 2933 1087 2963 ecce
1117 2921 1230 2975 licet,
1261 2935 1311 2961 m.
1344 2920 1382 2963 1.
1414 2944 1460 2950 —
1497 2920 1735 2976 tirrenaque

982 3001 1196 3041 exponere
